2159 3147
1005 320 1380 402 (XXII)

436 475 582 517 cum
616 452 1098 527 JOSEPHO‚
1139 455 1250 536 qui
1273 453 1578 514 nimirum
1609 473 1725 515 nec
1755 460 1948 538 priva-

435 567 551 624 tim
592 583 730 622 eam
775 561 1102 622 intermisit
1135 583 1429 644 umquam
1455 603 1471 627 ‚
1509 565 1665 646 quin
1702 565 1947 646 publice

431 671 508 733 ad
548 670 905 754 exemplum
948 669 1269 755 splendide
1315 669 1511 731 coluit
1548 712 1564 736 ,
1627 688 1698 733 ut
1736 674 1948 756 praesto

431 780 669 862 semper
716 783 781 840 in
823 780 1112 841 omnibus
1148 779 1249 840 Illi
1285 778 1515 846 fuerit,
1554 802 1815 863 eamque
1858 784 1949 842 in-

432 889 609 973 super
653 888 841 948 adeffe
886 888 1156 951 voluerit
1188 930 1204 955 ,
1261 905 1580 971 tamquam
1621 910 1949 950 ornamen-

430 1014 568 1060 tum
610 1000 986 1081 praecipuum
1014 995 1472 1078 Magistratibus
1508 997 1834 1060 omnibus,
1880 1018 1948 1057 ac

431 1105 910 1188 Praeceptoribus
934 1146 950 1172 ‚
994 1108 1106 1189 qui
1139 1122 1208 1166 ut
1247 1103 1375 1165 aliis
1412 1105 1575 1164 reete
1598 1104 1946 1187 praeessent,

432 1216 501 1277 &
541 1230 610 1275 ut
633 1213 780 1275 alios
811 1213 1003 1296 probe
1027 1213 1330 1274 docerent
1353 1252 1369 1278 ‚
1401 1234 1533 1272 non
1557 1212 1946 1293 eligebantur

432 1324 572 1388 alii,
610 1321 722 1383 nisi
763 1343 1039 1407 quorum
1077 1320 1389 1404 explorata
1432 1322 1699 1381 omnino
1740 1317 1944 1387 foret,

434 1433 504 1494 &
541 1454 791 1493 morum
827 1432 1146 1513 integritas
1170 1471 1187 1496 ,
1229 1432 1299 1491 &
1333 1428 1482 1489 fidei
1505 1431 1764 1512 puritaS.
1806 1433 1946 1490 Por-

437 1543 532 1603 tio
568 1543 742 1602 enim
784 1537 1152 1601 haereditatis
1198 1537 1321 1599 haec
1361 1536 1486 1604 est,
1525 1559 1716 1622 quam
1757 1535 1874 1598 suis
1915 1560 1946 1597 a

438 1649 799 1711 Parentibus
839 1646 1275 1732 gloriosissimis
1308 1650 1583 1730 accepit,
1627 1667 1947 1730 quamque

436 1758 516 1822 ad
551 1758 831 1840 Regalen
868 1756 1159 1819 Sobolem
1199 1754 1565 1817 transmisit.

572 1864 749 1923 Felix
784 1886 934 1945 ergo
969 1870 1137 1927 Gens
1173 1865 1274 1924 illa
1297 1905 1314 1930 ‚
1356 1861 1520 1946 apud
1562 1881 1751 1944 quam
1788 1858 1949 1919 litte·

441 1989 646 2032 rarum
685 1966 1021 2028 commoda
1055 2007 1074 2032 ,
1126 1968 1195 2027 &
1231 1981 1601 2028 ornamenta
1633 1969 1701 2024 in
1735 1986 1951 2050 propa·

442 2077 580 2139 tulo
601 2076 743 2138 sunt
761 2118 777 2143 ,
818 2098 935 2137 nee
960 2074 1218 2159 mystice
1244 2092 1490 2136 tantum
1524 2077 1597 2135 in
1616 2066 1952 2135 nonnullo-

442 2207 581 2250 rum
623 2185 1038 2268 penetralibus
1082 2182 1540 2266 dignoscuntur
1566 2223 1583 2248 ,
1626 2180 1736 2242 sed
1768 2186 1954 2244 attin-

443 2313 678 2378 guntur
716 2294 788 2353 ab
824 2293 1116 2354 omnibus
1142 2333 1157 2356 2
1203 2315 1353 2375 quos
1388 2292 1548 2352 bene
1590 2292 1806 2354 vivere
1829 2331 1846 2357 ,
1883 2292 1954 2353 &

444 2402 601 2465 bene
646 2403 875 2464 sentire
918 2424 1164 2489 aequum
1207 2400 1326 2462 est!

576 2513 714 2575 Post
759 2535 907 2595 ergo
952 2530 1049 2574 tot
1087 2513 1354 2574 maxima
1392 2551 1412 2578 2
1459 2526 1645 2594 atque
1687 2507 1952 2571 utillima

1811 2615 1956 2677 faci-
