2159 3147
886 268 1104 349 (V)

246 401 513 466 crificia,
555 395 884 484 precesque
926 396 1251 484 placabiles
1287 440 1303 465 ,
1348 399 1649 476 ejulantes
1690 403 1783 465 ofl-

243 509 422 571 fertis
458 548 472 569 ‚
525 508 827 570 flebilium
880 509 1182 570 abstinete
1229 508 1675 593 quaerelarum,
1712 535 1781 573 ac

244 618 601 700 Religionis
642 623 1142 707 parunipparcite
1185 598 1645 703 parefftalibus.

398 729 668 809 Egregia
720 730 1146 804 JOSEPHI
1196 731 1245 789 I.
1299 731 1530 811 optimi
1583 732 1778 815 Regis

248 835 415 898 edita
450 833 727 898 facinora
752 878 769 904 ‚
805 860 939 922 quae
978 841 1271 900 omnium
1307 836 1594 899 sermone
1626 841 1781 903 cele·

246 946 544 1013 brantur‚
583 948 652 1008 &
694 951 1127 1010 monumentis
1165 954 1284 1023 jam
1331 949 1782 1011 commendan-

250 1074 353 1118 tur
392 1053 783 1141 sempiternis
816 1099 833 1124 ,
879 1057 1118 1118 lustum
1163 1060 1429 1120 minime
1475 1058 1738 1142 quidem
1764 1103 1781 1127 ‚

250 1187 384 1227 non
424 1169 697 1246 gemitus
734 1188 765 1224 a
795 1166 996 1227 Vobis
1022 1166 1454 1247 expostulant.
1496 1167 1670 1256 Qid
1704 1192 1785 1231 er-

249 1282 373 1359 go?
417 1276 566 1335 Hoc
591 1276 656 1333 in
685 1274 999 1357 Templo,
1044 1277 1191 1334 Deo
1232 1276 1538 1338 Veritatis
1582 1276 1786 1345 sacro,

250 1383 387 1446 fieri
423 1405 501 1444 ne
528 1405 829 1468 umquam
864 1386 1099 1466 poterit
1123 1425 1139 1449 ‚
1179 1399 1249 1443 ut
1291 1384 1612 1446 mendacii
1647 1391 1789 1450 arti-

250 1492 359 1554 bus
402 1490 783 1558 inserviens,
827 1492 930 1555 vel
980 1493 1398 1553 assentationis
1442 1492 1666 1577 placita
1702 1495 1787 1558 se-

252 1610 443 1688 qutus
471 1645 485 1668 ,
527 1602 804 1664 ethnicas
831 1606 1277 1664 Romanorum
1312 1600 1672 1685 apotheoses
1696 1607 1788 1667 in-

251 1711 516 1772 staurem
537 1719 552 1768 ?
577 1710 758 1773 Abfit
780 1710 846 1771 id
870 1711 1129 1796 quidem
1154 1754 1171 1778 ,
1198 1715 1329 1774 AA
1358 1738 1370 1776 3
1407 1714 1593 1773 Licet
1615 1715 1789 1775 enim

250 1821 574 1881 assentatio
596 1861 614 1886 ‚
658 1816 843 1880 fatale
867 1819 1027 1882 illud
1050 1820 1560 1883 blandimentum
1584 1862 1600 1888 ,
1648 1821 1787 1883 dul-

254 1932 338 1989 cis
383 1933 758 2011 Regnorum
801 1933 1109 2010 pernicies
1141 1969 1158 1994 ,
1199 1929 1634 2012 Veritatisque
1681 1952 1791 1991 oc-

254 2038 421 2101 culta
462 2037 845 2104 insidiatrix,
883 2035 1245 2100 viventibus
1288 2036 1529 2122 semper
1569 2039 1786 2100 Proce-

254 2148 418 2209 ribus
460 2150 724 2230 turpiter
757 2143 1130 2213 famuletur3
1175 2150 1350 2208 Cum
1375 2164 1586 2210 tamen
1609 2146 1785 2212 diem

258 2256 560 2319 claudunt
602 2271 960 2317 extremum
985 2297 1001 2321 ,
1039 2254 1294 2317 illorum
1337 2255 1502 2318 haud
1544 2256 1668 2341 ipsa
1705 2255 1786 2316 se-

256 2370 474 2451 quitur
513 2362 702 2426 funus
728 2407 743 2432 ‚
787 2388 902 2427 nec
941 2370 1102 2426 circa
1133 2365 1405 2450 sepulcra
1432 2364 1605 2428 sedet
1628 2408 1645 2432 ,
1679 2365 1786 2427 sed

256 2497 378 2539 una
430 2477 683 2542 Veritas
734 2493 886 2538 tunc
940 2473 1324 2560 triumphat,
1374 2479 1560 2562 cique
1601 2474 1784 2536 inhae-

1687 2598 1783 2644 1·θῖ
