2159 3147
828 277 1160 362 (XXI)

241 411 343 477 vel
390 410 690 476 solidioris
736 423 1044 478 momenti
1086 411 1441 479 veneranda
1482 419 1745 500 antiqui-

240 540 326 581 tas
350 524 873 606 complestebatur
896 567 912 590 ,
946 525 1049 588 vel
1078 525 1148 585 ab
1171 524 1412 585 historia
1437 569 1452 593 ‚
1480 523 1581 585 Vel
1604 547 1634 583 a
1656 523 1747 584 lit-

238 647 502 694 teratura
527 632 906 700 tradebatur,
926 634 1221 718 inspicere
1246 631 1521 692 sinebant
1539 680 1549 692 .
1570 634 1746 694 Hine

240 738 578 820 caliginosis
633 742 972 824 profligatis
1030 760 1391 825 temporum
1443 740 1705 801 tenebris
1728 783 1745 808 ‚

237 845 749 909 Scholasticorum
773 849 1033 934 depulsis
1058 849 1409 931 ambagibus
1428 890 1444 914 ,
1469 871 1535 908 ac
1560 851 1747 932 turpi-

239 952 347 1013 bus
370 956 658 1016 omnibus
681 955 907 1038 fugatis
932 959 1262 1023 erroribus,
1286 980 1441 1040 quos
1459 961 1747 1039 ignoran-

240 1065 324 1120 tia
341 1102 357 1126 ‚
380 1060 571 1124 sacros
592 1064 763 1146 quod
774 1064 1073 1126 ammodo
1089 1065 1441 1147 praestiterat
1456 1106 1471 1129 ,
1490 1068 1746 1125 rationa-

238 1168 418 1229 bilius
441 1169 675 1230 faitum
694 1177 1002 1232 cernimus
1017 1172 1398 1254 Populorum
1421 1175 1486 1231 in
1505 1171 1748 1237 Fidem,

237 1299 304 1337 ac
331 1278 739 1360 Religionem
772 1279 1137 1362 obsequium
1160 1319 1176 1344 ,
1209 1281 1278 1340 &
1300 1280 1606 1343 Veritatis
1634 1279 1746 1340 stu-

235 1384 415 1448 dium
448 1391 641 1469 magis
664 1428 680 1453 ,
723 1388 1039 1470 magisque
1082 1385 1455 1448 invalescens
1479 1435 1489 1446 .

373 1498 520 1560 Nec
563 1493 702 1556 sane
740 1495 1089 1581 quidquam
1130 1495 1276 1556 hinc
1327 1494 1745 1555 metuendum

237 1602 418 1663 habet
442 1603 640 1663 saneta
663 1645 678 1668 ‚
719 1603 1156 1687 puriffimaque
1182 1602 1437 1683 Religio
1459 1642 1475 1667 ‚
1514 1619 1583 1662 ut
1616 1625 1741 1662 me-

238 1710 480 1771 ticulosi
517 1711 822 1773 blaterant
873 1711 1165 1774 nonnulli
1189 1758 1200 1769 .
1246 1708 1526 1770 Fundata
1569 1714 1744 1771 enim

235 1842 384 1880 cum
427 1819 530 1880 illa
592 1819 664 1880 fit
711 1819 884 1905 supra
930 1822 1289 1885 Veritatem
1334 1819 1404 1877 ab
1446 1824 1576 1882 Eo,
1633 1820 1748 1899 qui

236 1928 489 1990 Veritas
522 1925 643 2005 ipsa
680 1925 762 1981 est
790 1963 807 1987 ‚
850 1926 920 1983 &
956 1921 1033 1981 ad
1078 1925 1433 1986 Veritatem
1473 1921 1743 1980 homini-

234 2031 343 2093 bus
379 2035 550 2095 viam
580 2070 596 2095 ,
649 2051 794 2090 cum
834 2028 1090 2090 scientia
1134 2028 1362 2089 sternat
1395 2068 1411 2092 ‚
1459 2024 1743 2089 sanstiffi-

234 2164 335 2201 ma
380 2140 578 2205 illius,
616 2141 805 2220 magis
847 2135 1259 2197 inclarescunt
1301 2135 1592 2217 dogmata
1617 2177 1633 2199 ‚
1676 2158 1744 2195 ac

235 2247 560 2310 intellectu
599 2245 876 2307 faciliora
919 2243 1267 2306 redduntur
1306 2284 1321 2309 ‚
1375 2265 1506 2326 quo
1548 2246 1742 2304 tutius

238 2354 499 2438 infringi
521 2355 1009 2416 adversariorum
1056 2352 1175 2412 tela
1212 2351 1457 2434 insuper
1479 2350 1743 2435 poffint.

239 2464 416 2549 Qid
461 2471 784 2550 praeterea?
822 2463 1077 2545 Religio
1113 2464 1181 2524 in
1213 2459 1378 2522 Solio
1414 2459 1585 2522 sedet
1623 2481 1742 2520 una

1597 2588 1741 2629 cun]
1810 2649 1814 2652 ι
