<?xml version="1.0" encoding="UTF-8"?>
<!DOCTYPE html PUBLIC "-//W3C//DTD XHTML 1.0 Transitional//EN"
    "http://www.w3.org/TR/xhtml1/DTD/xhtml1-transitional.dtd">
<html xmlns="http://www.w3.org/1999/xhtml" xml:lang="en" lang="en">
 <head>
  <title>
</title>
<meta http-equiv="Content-Type" content="text/html;charset=utf-8" />
  <meta name='ocr-system' content='tesseract 3.04.00' />
  <meta name='ocr-capabilities' content='ocr_page ocr_carea ocr_par ocr_line ocrx_word'/>
</head>
<body>
  <div class='ocr_page' id='page_1' title='image "./infunerejosephii00cava/infunerejosephii00cava_0028.png"; bbox 0 0 2159 3147; ppageno 0'>
   <div class='ocr_carea' id='block_1_1' title="bbox 983 294 1415 375">
    <p class='ocr_par' dir='ltr' id='par_1_1' title="bbox 983 294 1415 375">
     <span class='ocr_line' id='line_1_1' title="bbox 983 294 1415 375; baseline 0.009 -23"><span class='ocrx_word' id='word_1_1' title='bbox 983 294 1415 375; x_wconf 78' lang='lat' dir='ltr'>(XXVI)</span> 
     </span>
    </p>
   </div>
   <div class='ocr_carea' id='block_1_2' title="bbox 439 423 1972 1799">
    <p class='ocr_par' dir='ltr' id='par_1_2' title="bbox 439 423 1972 1799">
     <span class='ocr_line' id='line_1_2' title="bbox 440 423 1963 511; baseline -0.001 -22"><span class='ocrx_word' id='word_1_2' title='bbox 440 426 780 489; x_wconf 88' lang='lat' dir='ltr'>constantia</span> <span class='ocrx_word' id='word_1_3' title='bbox 826 445 932 485; x_wconf 93' lang='lat' dir='ltr'>cor</span> <span class='ocrx_word' id='word_1_4' title='bbox 973 423 1247 484; x_wconf 85' lang='lat' dir='ltr'>hominis</span> <span class='ocrx_word' id='word_1_5' title='bbox 1291 423 1523 485; x_wconf 87' lang='lat' dir='ltr'>laborat</span> <span class='ocrx_word' id='word_1_6' title='bbox 1564 432 1576 486; x_wconf 89' lang='lat'>!</span> <span class='ocrx_word' id='word_1_7' title='bbox 1634 428 1790 511; x_wconf 85' lang='lat' dir='ltr'>Qis</span> <span class='ocrx_word' id='word_1_8' title='bbox 1836 448 1963 488; x_wconf 87' lang='lat' dir='ltr'>cre-</span> 
     </span>
     <span class='ocr_line' id='line_1_3' title="bbox 439 531 1966 609; baseline -0.001 -11"><span class='ocrx_word' id='word_1_9' title='bbox 439 537 544 598; x_wconf 85' lang='lat' dir='ltr'>dat</span> <span class='ocrx_word' id='word_1_10' title='bbox 565 579 580 603; x_wconf 85' lang='lat'>‚</span> <span class='ocrx_word' id='word_1_11' title='bbox 618 538 713 597; x_wconf 72' lang='lat' dir='ltr'>A?</span> <span class='ocrx_word' id='word_1_12' title='bbox 749 536 925 594; x_wconf 86' lang='lat' dir='ltr'>Dum</span> <span class='ocrx_word' id='word_1_13' title='bbox 963 534 1453 609; x_wconf 80' lang='lat' dir='ltr'>JOSEPHUS</span> <span class='ocrx_word' id='word_1_14' title='bbox 1488 531 1703 595; x_wconf 84' lang='lat' dir='ltr'>alienis</span> <span class='ocrx_word' id='word_1_15' title='bbox 1727 535 1966 597; x_wconf 84' lang='lat' dir='ltr'>calami-</span> 
     </span>
     <span class='ocr_line' id='line_1_4' title="bbox 441 642 1965 727; baseline -0.001 -20"><span class='ocrx_word' id='word_1_16' title='bbox 441 645 669 708; x_wconf 80' lang='lat' dir='ltr'>tatibus</span> <span class='ocrx_word' id='word_1_17' title='bbox 707 646 792 704; x_wconf 83' lang='lat' dir='ltr'>ita</span> <span class='ocrx_word' id='word_1_18' title='bbox 831 642 1391 710; x_wconf 80' lang='lat' dir='ltr'>commovebatur,</span> <span class='ocrx_word' id='word_1_19' title='bbox 1425 659 1498 705; x_wconf 90' lang='lat' dir='ltr'>ut</span> <span class='ocrx_word' id='word_1_20' title='bbox 1537 664 1633 704; x_wconf 86' lang='lat' dir='ltr'>eas</span> <span class='ocrx_word' id='word_1_21' title='bbox 1669 642 1965 727; x_wconf 82' lang='lat' dir='ltr'>aspiceret</span> 
     </span>
     <span class='ocr_line' id='line_1_5' title="bbox 443 750 1967 838; baseline -0.001 -21"><span class='ocrx_word' id='word_1_22' title='bbox 443 775 769 838; x_wconf 83' lang='lat' dir='ltr'>tamquam</span> <span class='ocrx_word' id='word_1_23' title='bbox 792 750 918 813; x_wconf 86' lang='lat' dir='ltr'>suas</span> <span class='ocrx_word' id='word_1_24' title='bbox 940 778 952 818; x_wconf 80' lang='lat'><em>3</em></span> <span class='ocrx_word' id='word_1_25' title='bbox 996 755 1173 814; x_wconf 89' lang='lat' dir='ltr'>Dum</span> <span class='ocrx_word' id='word_1_26' title='bbox 1200 769 1370 814; x_wconf 85' lang='lat' dir='ltr'>totus</span> <span class='ocrx_word' id='word_1_27' title='bbox 1394 751 1477 812; x_wconf 90' lang='lat' dir='ltr'>est</span> <span class='ocrx_word' id='word_1_28' title='bbox 1503 754 1571 813; x_wconf 88' lang='lat' dir='ltr'>in</span> <span class='ocrx_word' id='word_1_29' title='bbox 1595 775 1669 814; x_wconf 89' lang='lat' dir='ltr'>eo</span> <span class='ocrx_word' id='word_1_30' title='bbox 1692 793 1709 819; x_wconf 85' lang='grc'>,</span> <span class='ocrx_word' id='word_1_31' title='bbox 1747 770 1818 814; x_wconf 90' lang='lat' dir='ltr'>ut</span> <span class='ocrx_word' id='word_1_32' title='bbox 1843 759 1967 817; x_wconf 91' lang='lat' dir='ltr'>Lu-</span> 
     </span>
     <span class='ocr_line' id='line_1_6' title="bbox 442 860 1971 947; baseline -0.002 -23"><span class='ocrx_word' id='word_1_33' title='bbox 442 864 627 926; x_wconf 82' lang='lat' dir='ltr'>sitana</span> <span class='ocrx_word' id='word_1_34' title='bbox 646 863 831 923; x_wconf 91' lang='lat' dir='ltr'>Ditio</span> <span class='ocrx_word' id='word_1_35' title='bbox 848 901 864 928; x_wconf 80' lang='grc'>,</span> <span class='ocrx_word' id='word_1_36' title='bbox 887 863 958 923; x_wconf 65' lang='grc' dir='ltr'>δί</span> <span class='ocrx_word' id='word_1_37' title='bbox 980 860 1243 947; x_wconf 82' lang='lat' dir='ltr'>Olysipo</span> <span class='ocrx_word' id='word_1_38' title='bbox 1262 863 1769 945; x_wconf 75' lang='lat' dir='ltr'>magnificentior</span> <span class='ocrx_word' id='word_1_39' title='bbox 1797 883 1971 922; x_wconf 84' lang='lat' dir='ltr'>exur-</span> 
     </span>
     <span class='ocr_line' id='line_1_7' title="bbox 440 970 1969 1057; baseline -0.002 -24"><span class='ocrx_word' id='word_1_40' title='bbox 440 991 545 1057; x_wconf 76' lang='lat' dir='ltr'>gat</span> <span class='ocrx_word' id='word_1_41' title='bbox 567 1014 584 1039; x_wconf 84' lang='lat'>‚</span> <span class='ocrx_word' id='word_1_42' title='bbox 625 990 694 1035; x_wconf 85' lang='lat' dir='ltr'>ut</span> <span class='ocrx_word' id='word_1_43' title='bbox 718 988 1041 1055; x_wconf 88' lang='lat' dir='ltr'>comparet</span> <span class='ocrx_word' id='word_1_44' title='bbox 1062 970 1328 1034; x_wconf 82' lang='lat' dir='ltr'>Civibus</span> <span class='ocrx_word' id='word_1_45' title='bbox 1362 976 1628 1055; x_wconf 80' lang='lat' dir='ltr'>aptiores</span> <span class='ocrx_word' id='word_1_46' title='bbox 1664 970 1816 1030; x_wconf 83' lang='lat' dir='ltr'>aedes</span> <span class='ocrx_word' id='word_1_47' title='bbox 1839 1011 1857 1036; x_wconf 86' lang='lat'>‚</span> <span class='ocrx_word' id='word_1_48' title='bbox 1896 987 1969 1032; x_wconf 86' lang='lat' dir='ltr'>ut</span> 
     </span>
     <span class='ocr_line' id='line_1_8' title="bbox 439 1078 1969 1167; baseline -0.003 -23"><span class='ocrx_word' id='word_1_49' title='bbox 439 1082 577 1167; x_wconf 83' lang='lat' dir='ltr'>ipfis</span> <span class='ocrx_word' id='word_1_50' title='bbox 622 1080 905 1165; x_wconf 85' lang='lat' dir='ltr'>undique</span> <span class='ocrx_word' id='word_1_51' title='bbox 948 1079 1277 1165; x_wconf 81' lang='lat' dir='ltr'>prospiciat</span> <span class='ocrx_word' id='word_1_52' title='bbox 1294 1122 1311 1147; x_wconf 87' lang='grc'>,</span> <span class='ocrx_word' id='word_1_53' title='bbox 1349 1081 1420 1142; x_wconf 61' lang='grc' dir='ltr'>ὃς</span> <span class='ocrx_word' id='word_1_54' title='bbox 1461 1082 1758 1142; x_wconf 79' lang='lat' dir='ltr'>Annonae</span> <span class='ocrx_word' id='word_1_55' title='bbox 1797 1078 1969 1140; x_wconf 89' lang='lat' dir='ltr'>uber-</span> 
     </span>
     <span class='ocr_line' id='line_1_9' title="bbox 441 1185 1968 1272; baseline -0.005 -19"><span class='ocrx_word' id='word_1_56' title='bbox 441 1209 568 1253; x_wconf 83' lang='lat' dir='ltr'>tate</span> <span class='ocrx_word' id='word_1_57' title='bbox 589 1189 908 1256; x_wconf 79' lang='lat' dir='ltr'>fortunet3</span> <span class='ocrx_word' id='word_1_58' title='bbox 939 1193 1120 1251; x_wconf 88' lang='lat' dir='ltr'>Dum</span> <span class='ocrx_word' id='word_1_59' title='bbox 1142 1185 1598 1272; x_wconf 64' lang='lat' dir='ltr'>fixpientiffimis</span> <span class='ocrx_word' id='word_1_60' title='bbox 1620 1187 1857 1270; x_wconf 80' lang='lat' dir='ltr'>legibus</span> <span class='ocrx_word' id='word_1_61' title='bbox 1881 1209 1968 1246; x_wconf 87' lang='lat' dir='ltr'>ar-</span> 
     </span>
     <span class='ocr_line' id='line_1_10' title="bbox 439 1294 1968 1380; baseline -0.003 -19"><span class='ocrx_word' id='word_1_62' title='bbox 439 1320 529 1360; x_wconf 85' lang='lat' dir='ltr'>tes</span> <span class='ocrx_word' id='word_1_63' title='bbox 554 1321 775 1361; x_wconf 84' lang='lat' dir='ltr'>omnes</span> <span class='ocrx_word' id='word_1_64' title='bbox 799 1339 816 1363; x_wconf 83' lang='lat'>‚</span> <span class='ocrx_word' id='word_1_65' title='bbox 856 1296 1139 1356; x_wconf 83' lang='lat' dir='ltr'>scientias</span> <span class='ocrx_word' id='word_1_66' title='bbox 1162 1337 1179 1362; x_wconf 87' lang='grc'>,</span> <span class='ocrx_word' id='word_1_67' title='bbox 1201 1295 1512 1380; x_wconf 87' lang='lat' dir='ltr'>publicam</span> <span class='ocrx_word' id='word_1_68' title='bbox 1536 1294 1928 1357; x_wconf 90' lang='lat' dir='ltr'>securitatem</span> <span class='ocrx_word' id='word_1_69' title='bbox 1949 1334 1968 1362; x_wconf 83' lang='grc'>,</span> 
     </span>
     <span class='ocr_line' id='line_1_11' title="bbox 443 1402 1967 1490; baseline -0.002 -22"><span class='ocrx_word' id='word_1_70' title='bbox 443 1405 950 1489; x_wconf 84' lang='lat' dir='ltr'>felicitatemque</span> <span class='ocrx_word' id='word_1_71' title='bbox 973 1402 1167 1464; x_wconf 72' lang='lat' dir='ltr'>asserit</span> <span class='ocrx_word' id='word_1_72' title='bbox 1186 1445 1202 1471; x_wconf 87' lang='grc'>,</span> <span class='ocrx_word' id='word_1_73' title='bbox 1227 1408 1246 1481; x_wconf 92' lang='grc'>(</span> <span class='ocrx_word' id='word_1_74' title='bbox 1270 1427 1655 1490; x_wconf 84' lang='lat' dir='ltr'>quamquam</span> <span class='ocrx_word' id='word_1_75' title='bbox 1682 1403 1819 1489; x_wconf 90' lang='lat' dir='ltr'>Ipse</span> <span class='ocrx_word' id='word_1_76' title='bbox 1841 1408 1967 1465; x_wconf 90' lang='lat' dir='ltr'>ani-</span> 
     </span>
     <span class='ocr_line' id='line_1_12' title="bbox 442 1512 1969 1597; baseline -0.003 -20"><span class='ocrx_word' id='word_1_77' title='bbox 442 1539 552 1578; x_wconf 89' lang='lat' dir='ltr'>mo</span> <span class='ocrx_word' id='word_1_78' title='bbox 588 1514 740 1575; x_wconf 84' lang='lat' dir='ltr'>felix</span> <span class='ocrx_word' id='word_1_79' title='bbox 767 1556 782 1579; x_wconf 81' lang='lat'>,</span> <span class='ocrx_word' id='word_1_80' title='bbox 823 1512 1161 1597; x_wconf 86' lang='lat' dir='ltr'>beatusque</span> <span class='ocrx_word' id='word_1_81' title='bbox 1188 1513 1260 1574; x_wconf 87' lang='lat' dir='ltr'>fit</span> <span class='ocrx_word' id='word_1_82' title='bbox 1291 1513 1372 1575; x_wconf 95' lang='lat' dir='ltr'>ob</span> <span class='ocrx_word' id='word_1_83' title='bbox 1398 1517 1669 1574; x_wconf 82' lang='lat' dir='ltr'>maxima</span> <span class='ocrx_word' id='word_1_84' title='bbox 1699 1515 1925 1594; x_wconf 81' lang='lat' dir='ltr'>agitata</span> <span class='ocrx_word' id='word_1_85' title='bbox 1950 1554 1969 1580; x_wconf 83' lang='lat'>,</span> 
     </span>
     <span class='ocr_line' id='line_1_13' title="bbox 443 1620 1970 1709; baseline -0.005 -20"><span class='ocrx_word' id='word_1_86' title='bbox 443 1628 512 1689; x_wconf 80' lang='lat'>&amp;</span> <span class='ocrx_word' id='word_1_87' title='bbox 533 1624 771 1709; x_wconf 57' lang='lat' dir='ltr'>peracta</span> <span class='ocrx_word' id='word_1_88' title='bbox 790 1625 857 1683; x_wconf 90' lang='lat' dir='ltr'>in</span> <span class='ocrx_word' id='word_1_89' title='bbox 880 1621 1144 1684; x_wconf 85' lang='lat' dir='ltr'>aliorum</span> <span class='ocrx_word' id='word_1_90' title='bbox 1182 1621 1525 1684; x_wconf 89' lang='lat' dir='ltr'>utilitatem</span> <span class='ocrx_word' id='word_1_91' title='bbox 1549 1620 1824 1683; x_wconf 86' lang='lat' dir='ltr'>facinora</span> <span class='ocrx_word' id='word_1_92' title='bbox 1848 1627 1870 1698; x_wconf 87' lang='lat'>)</span> <span class='ocrx_word' id='word_1_93' title='bbox 1900 1624 1970 1681; x_wconf 90' lang='lat' dir='ltr'>in</span> 
     </span>
     <span class='ocr_line' id='line_1_14' title="bbox 444 1716 1972 1799; baseline -0.004 -3"><span class='ocrx_word' id='word_1_94' title='bbox 444 1752 574 1796; x_wconf 88' lang='lat' dir='ltr'>tam</span> <span class='ocrx_word' id='word_1_95' title='bbox 611 1735 819 1796; x_wconf 88' lang='lat' dir='ltr'>dirum</span> <span class='ocrx_word' id='word_1_96' title='bbox 844 1772 862 1799; x_wconf 85' lang='grc'>,</span> <span class='ocrx_word' id='word_1_97' title='bbox 901 1755 968 1793; x_wconf 85' lang='lat' dir='ltr'>ac</span> <span class='ocrx_word' id='word_1_98' title='bbox 1010 1716 1359 1793; x_wconf 84' lang='lat' dir='ltr'>nefandum</span> <span class='ocrx_word' id='word_1_99' title='bbox 1401 1729 1740 1792; x_wconf 87' lang='lat' dir='ltr'>discrimen</span> <span class='ocrx_word' id='word_1_100' title='bbox 1779 1726 1972 1790; x_wconf 82' lang='lat' dir='ltr'>addu-</span> 
     </span>
    </p>
   </div>
   <div class='ocr_carea' id='block_1_3' title="bbox 443 1835 1971 2028">
    <p class='ocr_par' dir='ltr' id='par_1_3' title="bbox 443 1835 1971 2028">
     <span class='ocr_line' id='line_1_15' title="bbox 443 1835 1971 1924; baseline -0.003 -21"><span class='ocrx_word' id='word_1_101' title='bbox 443 1846 606 1903; x_wconf 88' lang='lat' dir='ltr'>citur</span> <span class='ocrx_word' id='word_1_102' title='bbox 628 1884 644 1907; x_wconf 85' lang='lat'>,</span> <span class='ocrx_word' id='word_1_103' title='bbox 679 1860 750 1903; x_wconf 87' lang='lat' dir='ltr'>ut</span> <span class='ocrx_word' id='word_1_104' title='bbox 775 1862 841 1902; x_wconf 84' lang='lat' dir='ltr'>ea</span> <span class='ocrx_word' id='word_1_105' title='bbox 864 1882 882 1907; x_wconf 87' lang='grc'>,</span> <span class='ocrx_word' id='word_1_106' title='bbox 914 1863 1102 1924; x_wconf 86' lang='lat' dir='ltr'>quam</span> <span class='ocrx_word' id='word_1_107' title='bbox 1127 1839 1254 1900; x_wconf 82' lang='lat' dir='ltr'>aliis</span> <span class='ocrx_word' id='word_1_108' title='bbox 1279 1840 1417 1924; x_wconf 88' lang='lat' dir='ltr'>Ipse</span> <span class='ocrx_word' id='word_1_109' title='bbox 1440 1839 1732 1921; x_wconf 82' lang='lat' dir='ltr'>largitur,</span> <span class='ocrx_word' id='word_1_110' title='bbox 1754 1835 1971 1899; x_wconf 85' lang='lat' dir='ltr'>securi-</span> 
     </span>
     <span class='ocr_line' id='line_1_16' title="bbox 444 1949 1969 2028; baseline -0.003 -17"><span class='ocrx_word' id='word_1_111' title='bbox 444 1966 568 2011; x_wconf 84' lang='lat' dir='ltr'>tate</span> <span class='ocrx_word' id='word_1_112' title='bbox 605 1949 856 2008; x_wconf 84' lang='lat' dir='ltr'>deficiat</span> <span class='ocrx_word' id='word_1_113' title='bbox 879 1985 896 2010; x_wconf 67' lang='lat'>2</span> <span class='ocrx_word' id='word_1_114' title='bbox 939 1950 1008 2004; x_wconf 79' lang='lat'>&amp;</span> <span class='ocrx_word' id='word_1_115' title='bbox 1033 1949 1435 2004; x_wconf 88' lang='lat' dir='ltr'>clementiam</span> <span class='ocrx_word' id='word_1_116' title='bbox 1460 1986 1477 2011; x_wconf 83' lang='lat'>,</span> <span class='ocrx_word' id='word_1_117' title='bbox 1519 1969 1585 2004; x_wconf 90' lang='lat' dir='ltr'>ac</span> <span class='ocrx_word' id='word_1_118' title='bbox 1626 1951 1926 2028; x_wconf 83' lang='lat' dir='ltr'>pietatem</span> <span class='ocrx_word' id='word_1_119' title='bbox 1950 1986 1969 2013; x_wconf 83' lang='grc'>,</span> 
     </span>
    </p>
   </div>
   <div class='ocr_carea' id='block_1_4' title="bbox 438 2052 1969 2566">
    <p class='ocr_par' dir='ltr' id='par_1_4' title="bbox 440 2052 1969 2246">
     <span class='ocr_line' id='line_1_17' title="bbox 442 2052 1969 2143; baseline -0.002 -24"><span class='ocrx_word' id='word_1_120' title='bbox 442 2080 564 2143; x_wconf 86' lang='lat' dir='ltr'>qua</span> <span class='ocrx_word' id='word_1_121' title='bbox 607 2059 790 2118; x_wconf 84' lang='lat' dir='ltr'>unice</span> <span class='ocrx_word' id='word_1_122' title='bbox 830 2052 1390 2115; x_wconf 80' lang='lat' dir='ltr'>commendabatur</span> <span class='ocrx_word' id='word_1_123' title='bbox 1424 2054 1492 2114; x_wconf 89' lang='lat' dir='ltr'>in</span> <span class='ocrx_word' id='word_1_124' title='bbox 1529 2053 1822 2129; x_wconf 86' lang='lat' dir='ltr'>justitiam</span> <span class='ocrx_word' id='word_1_125' title='bbox 1845 2095 1863 2122; x_wconf 86' lang='grc'>,</span> <span class='ocrx_word' id='word_1_126' title='bbox 1900 2077 1969 2116; x_wconf 86' lang='lat' dir='ltr'>ac</span> 
     </span>
     <span class='ocr_line' id='line_1_18' title="bbox 440 2161 1680 2246; baseline -0.006 -17"><span class='ocrx_word' id='word_1_127' title='bbox 440 2166 791 2230; x_wconf 72' lang='lat' dir='ltr'>vindictam</span> <span class='ocrx_word' id='word_1_128' title='bbox 816 2180 1205 2225; x_wconf 88' lang='lat' dir='ltr'>commutare</span> <span class='ocrx_word' id='word_1_129' title='bbox 1230 2161 1642 2246; x_wconf 85' lang='lat' dir='ltr'>compellatur</span> <span class='ocrx_word' id='word_1_130' title='bbox 1668 2209 1680 2221; x_wconf 90' lang='lat'><strong>.</strong></span> 
     </span>
    </p>

    <p class='ocr_par' dir='ltr' id='par_1_5' title="bbox 438 2268 1966 2566">
     <span class='ocr_line' id='line_1_19' title="bbox 573 2268 1966 2355; baseline -0.002 -20"><span class='ocrx_word' id='word_1_131' title='bbox 573 2276 708 2339; x_wconf 85' lang='lat' dir='ltr'>Vix</span> <span class='ocrx_word' id='word_1_132' title='bbox 747 2290 955 2334; x_wconf 89' lang='lat' dir='ltr'>autem</span> <span class='ocrx_word' id='word_1_133' title='bbox 983 2272 1188 2332; x_wconf 85' lang='lat' dir='ltr'>eidem</span> <span class='ocrx_word' id='word_1_134' title='bbox 1216 2313 1233 2338; x_wconf 89' lang='lat'>‚</span> <span class='ocrx_word' id='word_1_135' title='bbox 1269 2293 1383 2355; x_wconf 91' lang='lat' dir='ltr'>pro</span> <span class='ocrx_word' id='word_1_136' title='bbox 1419 2271 1730 2354; x_wconf 80' lang='lat' dir='ltr'>dignitate</span> <span class='ocrx_word' id='word_1_137' title='bbox 1754 2311 1773 2337; x_wconf 84' lang='lat'>‚</span> <span class='ocrx_word' id='word_1_138' title='bbox 1806 2268 1966 2333; x_wconf 81' lang='lat' dir='ltr'>satis-</span> 
     </span>
     <span class='ocr_line' id='line_1_20' title="bbox 445 2380 1964 2465; baseline -0.001 -22"><span class='ocrx_word' id='word_1_139' title='bbox 445 2380 680 2445; x_wconf 65' lang='lat' dir='ltr'>factum</span> <span class='ocrx_word' id='word_1_140' title='bbox 713 2380 838 2443; x_wconf 85' lang='lat' dir='ltr'>fuit</span> <span class='ocrx_word' id='word_1_141' title='bbox 857 2424 875 2449; x_wconf 84' lang='grc'>,</span> <span class='ocrx_word' id='word_1_142' title='bbox 915 2381 1155 2464; x_wconf 83' lang='lat' dir='ltr'>semper</span> <span class='ocrx_word' id='word_1_143' title='bbox 1177 2381 1540 2444; x_wconf 84' lang='lat' dir='ltr'>Clementia</span> <span class='ocrx_word' id='word_1_144' title='bbox 1563 2422 1581 2447; x_wconf 84' lang='grc'>,</span> <span class='ocrx_word' id='word_1_145' title='bbox 1620 2402 1837 2441; x_wconf 87' lang='lat' dir='ltr'>omnes</span> <span class='ocrx_word' id='word_1_146' title='bbox 1864 2384 1964 2465; x_wconf 91' lang='lat' dir='ltr'>Ip-</span> 
     </span>
     <span class='ocr_line' id='line_1_21' title="bbox 438 2490 1962 2566; baseline -0.002 -14"><span class='ocrx_word' id='word_1_147' title='bbox 438 2490 553 2556; x_wconf 77' lang='lat' dir='ltr'>fius</span> <span class='ocrx_word' id='word_1_148' title='bbox 581 2495 779 2555; x_wconf 84' lang='lat' dir='ltr'>animi</span> <span class='ocrx_word' id='word_1_149' title='bbox 807 2511 1019 2556; x_wconf 86' lang='lat' dir='ltr'>motus</span> <span class='ocrx_word' id='word_1_150' title='bbox 1050 2494 1346 2554; x_wconf 85' lang='lat' dir='ltr'>comitata</span> <span class='ocrx_word' id='word_1_151' title='bbox 1369 2490 1455 2552; x_wconf 90' lang='lat' dir='ltr'>est</span> <span class='ocrx_word' id='word_1_152' title='bbox 1477 2530 1497 2558; x_wconf 81' lang='grc'>,</span> <span class='ocrx_word' id='word_1_153' title='bbox 1536 2490 1607 2552; x_wconf 69' lang='grc' dir='ltr'>δε</span> <span class='ocrx_word' id='word_1_154' title='bbox 1630 2492 1781 2566; x_wconf 81' lang='lat' dir='ltr'>Ejus</span> <span class='ocrx_word' id='word_1_155' title='bbox 1803 2493 1962 2554; x_wconf 86' lang='lat' dir='ltr'>Cor-</span> 
     </span>
    </p>
   </div>
   <div class='ocr_carea' id='block_1_5' title="bbox 1857 2597 1961 2664">
    <p class='ocr_par' dir='ltr' id='par_1_6' title="bbox 1857 2597 1961 2664">
     <span class='ocr_line' id='line_1_22' title="bbox 1857 2597 1961 2664; baseline 0.038 -5"><span class='ocrx_word' id='word_1_156' title='bbox 1857 2597 1961 2664; x_wconf 78' lang='lat' dir='ltr'>cli,</span> 
     </span>
    </p>
   </div>
  </div>
 </body>
</html>
