2159 3147
842 265 1192 340 (XIII)

257 416 401 456 cens
440 392 666 460 labori,
705 393 986 479 periculo
1028 393 1187 454 nulli
1223 433 1239 457 ,
1293 410 1485 454 novas
1530 390 1772 455 detexit

255 508 322 567 in
346 505 518 569 Orbe
555 507 840 585 ‘regiones
865 545 881 569 ,
922 524 1238 587 quamque
1281 500 1361 560 ob
1403 522 1491 560 res
1540 502 1774 583 praecla-

255 636 319 677 re
356 613 549 698 gestas
601 629 758 673 terra
796 653 813 678 ,
876 615 1156 695 marique
1196 652 1213 676 ,
1262 631 1483 670 omncs
1531 607 1773 692 semper

254 727 466 806 magni
499 720 826 789 fecerunt,
873 721 1161 802 languori
1198 741 1368 780 nuuc
1395 761 1411 785 ,
1448 717 1773 787 socordi-x,

252 831 619 916 defidiaequc
666 832 723 892 sc
777 830 949 891 dibit
991 839 1008 888 ?
1064 831 1214 889 Hoc
1262 832 1432 890 Deus
1498 845 1773 889 avertat.

251 942 386 1001 Fiat
428 939 757 1002 Lusitanus
812 938 870 1000 sc
926 939 1060 1021 ipso
1117 942 1311 1013 major
1350 980 1367 1004 ,
1428 956 1774 1023 praeeatquc

252 1048 600 1110 Posteritati
623 1049 912 1132 exemplo
936 1090 953 1115 ,
993 1045 1322 1108 ostendens
1346 1047 1502 1132 quid
1525 1089 1541 1114 ‚
1585 1070 1774 1131 quan-

253 1174 519 1241 tumque
547 1165 686 1220 Rex
709 1162 774 1215 in
800 1155 1197 1217 subditorum
1221 1159 1463 1216 animos
1489 1159 1771 1238 ingerere

249 1264 468 1352 posfit.
504 1268 562 1327 Si
587 1268 756 1326 enim
788 1267 1000 1326 Petrus
1030 1261 1386 1325 Ruffiarum
1409 1305 1425 1329 ,
1461 1265 1531 1325 &
1555 1262 1769 1324 Ludo-

252 1382 429 1438 vicus
471 1374 813 1436 Galliarum
858 1377 1103 1456 Reges,
1145 1395 1388 1438 mores,
1433 1373 1503 1434 &
1533 1373 1772 1433 animos

251 1483 505 1546 suorum
550 1487 858 1566 corrigere
896 1485 963 1542 in
999 1482 1221 1542 melius
1258 1497 1605 1564 potuerunt
1640 1520 1657 1545 ,
1701 1495 1771 1540 ut

253 1614 500 1655 novum
550 1589 871 1652 efficerent
911 1587 1393 1673 quodammodo
1431 1589 1770 1671 Populum3

255 1703 459 1761 Eccur
504 1722 610 1761 eos
654 1698 924 1760 aemulari
968 1719 1100 1759 non
1144 1714 1404 1781 potero,
1442 1695 1770 1758 Lusitanos

250 1808 388 1892 Ipse
412 1811 603 1869 etiam
627 1808 702 1869 ad
727 1811 1004 1893 primum
1030 1809 1283 1870 virtutis
1306 1847 1322 1871 ‚
1356 1808 1424 1867 ὃ(
1448 1806 1653 1890 gloriae
1674 1805 1773 1866 de-

248 1939 353 1978 cus
398 1918 642 1976 strenue
682 1934 980 1976 revocans
1003 1923 1019 1969 ἒ
1061 1916 1215 1971 Haec
1239 1912 1447 1973 secum
1471 1912 1595 1995 ipsc
1624 1935 1771 1974 cum

248 2042 499 2111 reputat
538 2068 555 2092 ‚
598 2023 826 2086 divino
861 2062 878 2087 ‚
921 2021 990 2082 &
1028 2041 1203 2081 novo
1246 2019 1527 2104 quodam
1568 2021 1771 2083 veluti

249 2137 598 2197 concitatus
620 2129 889 2217 impulsu
912 2170 929 2195 ,
959 2129 1116 2190 nulli
1134 2126 1411 2213 sumptui
1434 2170 1449 2194 ‚
1483 2130 1641 2191 nulli
1663 2129 1772 2192 stu·

247 2243 357 2306 dio
378 2264 632 2329 parcens
657 2283 673 2308 ,
717 2260 1016 2323 magnum
1042 2237 1405 2321 adgreditur
1428 2258 1616 2321 opus,

382 2359 554 2419 Cum
599 2354 791 2435 igitur
833 2351 1198 2412 commercii
1237 2369 1359 2431 ope
1396 2388 1413 2413 ‚
1476 2368 1543 2407 ac
1582 2345 1772 2430 praefi-

245 2461 356 2526 dio
396 2463 634 2527 divitiae
675 2457 938 2524 affluant
977 2455 1265 2544 Populis‚
1306 2477 1525 2519 omnes
1561 2458 1769 2542 proin-

1685 2559 1767 2622 dc
