2159 3147
1072 292 1094 364 (
1145 289 1204 349 X
1255 293 1276 365 )

415 418 688 499 jusmodi
727 437 917 501 opus,
958 415 1125 478 haud
1169 417 1386 501 perfici
1426 415 1630 501 poste,
1668 418 1825 499 quin
1868 416 1937 477 &

418 535 541 606 ejus
585 526 938 593 testitudo,
989 525 1472 592 &moderatio‚
1512 524 1793 588 huma-no
1814 523 1941 585 fim-

414 642 606 721 guine
637 639 1042 720 inquinetur.

551 745 726 807 Felix
764 762 1083 829 propterea
1123 742 1507 827 Populorum
1549 746 1942 827 Imperator,

417 852 488 916 &
531 856 767 916 Restor
807 852 1125 914 habendus
1175 852 1280 912 ille
1331 850 1414 911 est
1451 892 1468 917 ‚
1524 854 1637 935 qui
1681 855 1942 913 noxium

416 978 639 1046 putans
681 961 918 1022 bellum
958 982 1172 1043 gerere
1216 1001 1234 1025 ,
1286 980 1363 1018 eo
1404 958 1606 1020 solum
1659 958 1943 1019 intendit

418 1073 701 1129 animum
727 1111 743 1135 ,
788 1087 857 1129 ut
895 1090 1030 1152 quae
1064 1067 1413 1148 Religionis
1437 1105 1456 1132 ,
1493 1068 1562 1128 ὅζ
1587 1070 1794 1148 Regiae
1817 1071 1944 1128 Ma-

420 1176 644 1253 jestatis
688 1175 874 1240 sunt,
916 1178 987 1234 in
1031 1190 1176 1257 tuto
1211 1193 1404 1256 ponat
1430 1215 1448 1239 ,
1488 1177 1559 1236 &
1601 1196 1703 1235 eos
1736 1214 1753 1240 ,
1785 1196 1943 1258 quos

421 1283 698 1345 subditos
735 1280 918 1346 habet
944 1322 957 1348 ‚
998 1280 1070 1341 ab
1098 1283 1373 1343 externis
1395 1279 1663 1344 hostibus
1686 1323 1703 1350 ,
1744 1284 1814 1345 ὃς
1846 1305 1945 1365 ag-

424 1391 786 1476 grefforibus
826 1392 1139 1451 immunes
1174 1386 1361 1452 faciat
1394 1432 1410 1457 ,
1456 1408 1597 1453 tum
1637 1413 1703 1452 ea
1734 1394 1804 1452 in
1845 1412 1946 1474 pa-

424 1523 493 1563 ce
520 1541 536 1568 ,
577 1521 643 1560 ac
687 1498 1145 1582 tranquillitate
1198 1499 1357 1583 ipsos
1397 1499 1728 1562 conservet
1760 1541 1778 1566 ‚
1823 1521 1946 1584 qua

422 1612 748 1670 internum
790 1645 808 1673 ,
852 1625 1314 1691 externumque
1363 1611 1820 1670 commercium
1863 1605 1950 1668 ef-

425 1716 705 1780 florescat
751 1758 768 1783 ‚
814 1715 1071 1799 publicae
1106 1754 1125 1782 ,
1181 1717 1251 1777 ὅῖ
1294 1720 1547 1800 privatae
1608 1733 1952 1797 augeantur

424 1848 572 1909 opes
610 1867 627 1891 ,
685 1827 755 1886 &
792 1845 959 1886 nova
998 1822 1368 1885 :accrescant
1421 1821 1672 1904 Populis
1732 1825 1952 1884 incita-

424 1951 640 1995 menta
682 1930 888 2016 gloriae
924 1969 942 1996 ,
997 1938 1120 2013 qua
1162 1929 1404 1991 summa
1460 1952 1724 2013 quaeque
1766 1933 1953 1992 attin-

427 2065 569 2126 gere
593 2084 606 2108 ‚
648 2044 718 2104 &
752 2054 1121 2124 perpetuam
1144 2080 1162 2105 ‚
1204 2038 1631 2124 undequaque
1663 2039 1958 2124 prosperi-

429 2168 627 2213 tatem
674 2168 1029 2232 comparare
1075 2164 1427 2210 conentur.

565 2263 743 2322 Cum
783 2279 933 2340 ergo
971 2258 1512 2333 JOSEPHUS,
1553 2252 1957 2322 ditiffimum,

428 2365 1066 2451 florentiffimumque
1114 2365 1560 2428 Lusitanorum
1609 2369 1954 2447 Regnum,

428 2484 557 2557 jure
604 2477 998 2539 haereditario
1037 2476 1386 2563 assequutus
1427 2515 1445 2542 ‚
1490 2472 1648 2535 nihil
1686 2471 1956 2557 splendi-

1817 2579 1956 2646 dius
