2159 3147
1008 301 1347 380 (XVI)

413 430 706 517 quaestum
735 428 994 492 navibus
1018 430 1286 496 liberum
1312 447 1739 496 commeatum
1759 475 1776 502 ‚
1800 458 1942 521 qua·

412 548 509 603 vis
551 543 702 602 anni
742 540 1105 624 tempestate
1146 544 1257 603 esse
1298 543 1502 620 jubet,
1538 544 1943 628 percussoque

412 646 654 710 foedere
701 671 846 711 cum
891 648 1356 716 Marochianis‚
1400 654 1581 712 Mare
1626 673 1658 710 a
1701 650 1940 713 Praedo·

415 757 595 821 nibus
642 757 907 819 liberum
951 758 1162 820 reddit
1205 808 1216 818 .
1279 757 1386 821 Oh
1430 757 1620 820 fausta
1673 758 1945 821 benefici

414 869 613 949 Regis
654 865 1033 949 primordia!
1081 871 1300 931 Tuum
1324 908 1341 934 ,
1375 866 1689 929 Lusitania
1713 909 1730 933 ,
1771 889 1945 928 nunc

414 975 497 1037 est
540 981 683 1050 Ejus
744 972 1058 1057 suffragari
1105 982 1270 1038 Votis
1309 1021 1327 1044 ‚
1384 978 1455 1039 &
1509 976 1939 1059 obtemperare

417 1084 725 1144 mandatis
768 1125 784 1149 ‚
847 1100 918 1143 ut
966 1087 1282 1165 germinet
1328 1126 1346 1151 ,
1405 1080 1768 1168 fructusque
1810 1086 1948 1167 pin-

418 1194 664 1276 guiores
703 1188 861 1251 ferat
904 1196 1158 1255 virtutis
1217 1191 1375 1253 illud
1435 1192 1647 1253 semen
1695 1233 1713 1258 ,
1771 1190 1950 1276 quod

419 1303 540 1363 tuis
582 1322 612 1359 a
657 1301 998 1375 Majoribus
1039 1299 1352 1384 recepisti.

559 1412 826 1473 Norunt
869 1430 1087 1470 omnes
1141 1427 1339 1470 artem
1385 1408 1726 1469 militarem
1775 1406 1948 1469 illam

425 1532 700 1580 evertere
725 1517 1098 1578 Societatem
1122 1560 1139 1584 ,
1182 1540 1372 1602 quam
1412 1516 1653 1578 firmare
1676 1558 1694 1582 ,
1727 1516 1832 1579 vel
1857 1537 1956 1577 cu-

427 1624 656 1688 stodire
695 1624 1014 1685 intendit.
1061 1626 1154 1688 At
1192 1648 1340 1687 cum
1377 1646 1448 1686 ex
1472 1623 1810 1687 hominum
1833 1646 1958 1709 pra-

428 1738 627 1799 vitate
666 1729 819 1793 fasta
851 1733 923 1794 fit
956 1734 1437 1819 quodammodo
1470 1735 1789 1795 necessaria
1814 1775 1831 1800 ,
1865 1755 1961 1795 va-

433 1838 618 1901 lidius
672 1863 841 1901 nunc
896 1842 988 1902 illi
1037 1842 1399 1904 adscribitur
1463 1846 1654 1903 totius
1713 1841 1964 1926 politici

436 1947 813 2034 systhematis
847 1945 1339 2009 fulcimentum·.
1386 1954 1524 2038 Qa
1557 1950 1636 2010 de
1672 1971 1734 2011 re
1768 1947 1965 2011 fortis:

438 2056 621 2118 fimus
646 2098 662 2122 ,
707 2078 773 2115 ac
816 2054 1401 2139 providentissimus
1440 2060 1625 2124 Rex,
1667 2074 1737 2119 ut
1770 2061 1966 2133 Maje-

440 2164 600 2225 statis
622 2205 639 2229 ,
683 2164 752 2224 &
775 2167 1035 2228 Civium
1062 2164 1312 2227 suorum
1354 2170 1482 2241 jura
1520 2168 1588 2226 in
1617 2182 1757 2226 tuto
1778 2187 1970 2250 pone-

443 2291 538 2335 ret
576 2289 792 2332 contra
824 2273 1219 2356 Aggreffores
1266 2272 1699 2358 quoscumque
1722 2315 1740 2340 ,
1777 2290 1968 2358 atque

447 2400 516 2443 ut
549 2381 784 2443 bellum
823 2381 1102 2464 parando
1142 2405 1362 2467 pacem
1404 2382 1715 2447 firmaret,
1756 2381 1968 2443 multi-

447 2490 679 2577 plicato
696 2488 946 2575 insuper
964 2494 1328 2575 Legionum
1353 2513 1649 2559 numero,
1665 2508 1968 2576 praecepta

1888 2598 1969 2661 de
