2159 3147
808 260 1219 337 (XXXI)

385 389 444 449 Si
468 408 616 470 ergo
640 386 882 448 historia
920 391 1332 449 maximarum
1367 407 1571 448 rerum
1596 393 1770 472 gesta-

257 519 395 559 rum
417 538 432 562 ‚
473 501 556 557 ita
581 518 692 557 nos
718 494 862 580 saepe
888 497 1173 580 percellit
1192 539 1207 563 ,
1251 514 1318 557 ut
1352 500 1529 580 gravi
1551 502 1767 563 afficia-

256 629 397 667 mur
421 605 637 666 dolorc
662 647 677 669 ‚
717 627 863 666 cum
889 608 1130 666 Heroes
1153 643 1174 671 ‚
1204 628 1360 689 quos
1384 607 1766 669 immortales

257 714 367 773 effe
392 713 653 774 decebat
671 755 687 779 ,
712 716 841 776 vita
864 711 1111 775 functos
1149 715 1414 796 legimus
1436 741 1448 779 3
1491 718 1724 799 Ecquis
1741 758 1758 783 ,

254 845 368 907 pro
412 840 547 887 tot,
590 820 904 906 tantisque
944 822 1122 904 gestis
1161 845 1190 882 a
1231 824 1674 898 JOSEPHO
1715 826 1762 885 Ι.

253 933 320 990 in
358 930 715 990 Lusitanam
744 936 1022 994 Gentem
1046 973 1062 997 ‚
1102 933 1166 993 δί
1194 930 1543 993 universam
1570 935 1763 993 Rem-

251 1037 561 1122 publicam
585 1079 601 1104 ,
627 1041 797 1100 Eum
815 1082 832 1106 ,
865 1062 1034 1100 nunc
1061 1057 1266 1100 morte
1289 1039 1565 1101 deletum
1592 1083 1603 1106 ‚
1628 1063 1760 1101 non

250 1145 630 1205 lamentetur
653 1188 670 1211 ,
708 1149 777 1207 ὃς
811 1147 1060 1207 doleat?
1099 1152 1329 1231 Ecquis
1362 1147 1545 1214 dein,
1581 1147 1760 1209 humi

249 1253 620 1338 provolutus
645 1294 662 1320 ‚
700 1253 776 1314 ad
805 1258 1049 1338 Regem
1080 1259 1333 1339 Regum
1358 1297 1373 1322 ‚
1412 1259 1523 1339 qui
1557 1254 1757 1316 aufert

248 1367 449 1425 vitam
473 1363 832 1446 Principum
857 1406 873 1432 ,
917 1364 992 1424 ad
1017 1367 1231 1426 Deum
1271 1363 1606 1425 terribilem
1633 1367 1757 1426 Re-

248 1473 422 1555 gibus
454 1489 661 1536 terrae,
698 1475 811 1555 qui
847 1474 915 1533 &
953 1474 1018 1532 in
1043 1472 1310 1553 Angelis
1350 1470 1466 1531 suis
1502 1475 1754 1534 invenit

244 1584 616 1664 pravitatem
643 1620 659 1644 ,
696 1580 974 1662 precibus
1001 1621 1018 1646 ,
1055 1581 1124 1641 &
1144 1579 1350 1639 hostiis
1374 1620 1390 1643 ,
1416 1599 1546 1638 non
1569 1580 1749 1642 illum

244 1687 520 1749 exorabit
545 1704 614 1746 ut
638 1690 919 1771 requiem
939 1729 955 1753 ,
983 1709 1199 1770 pacem
1224 1728 1240 1753 ,
1265 1689 1333 1748 &
1355 1683 1748 1769 refrigerium

242 1796 538 1879 largiatur
573 1798 790 1855 animae
828 1793 1215 1880 pientissima:
1247 1797 1402 1871 JOS
1420 1796 1471 1855 E
1491 1798 1661 1859 PHI
1695 1800 1743 1857 Ι.

239 1902 684 1967 Lusitanorum
713 1906 899 1982 Regis
925 1903 1288 1962 Fidelissimi
1313 1912 1328 1958 ?

356 2008 641 2072 Accedat
663 2008 800 2069 sane
819 2051 833 2074 2
869 2010 1071 2075 firma,
1095 2008 1359 2093 quilibet
1376 2050 1393 2075 ‚
1416 2008 1517 2093 spe
1541 2012 1742 2078 nixus,

236 2142 301 2181 ea
330 2139 551 2201 nempe
576 2160 592 2182 ‚
629 2140 761 2201 quae
786 2121 898 2202 piis
922 2117 1375 2179 dormientibus
1400 2125 1707 2182 convenit
1724 2162 1741 2185 ‚

235 2249 499 2314 quaeque
540 2237 727 2287 etiam
767 2228 1213 2303 JOSEPHO
1270 2234 1370 2288 RE
1393 2248 1474 2285 GE
1524 2229 1740 2287 FIDE·

239 2358 419 2398 Llss1
443 2357 542 2396 Mo
580 2334 931 2418 digniffima
970 2334 1050 2395 est
1081 2382 1092 2392 .
1149 2333 1517 2398 Christianas
1566 2337 1737 2394 enim

232 2448 495 2509 virtutes
519 2486 536 2512 ,
560 2445 782 2530 quibus
809 2443 946 2529 Ipse
972 2442 1294 2510 excelluit>
1318 2447 1737 2529 Omnipoten-

1655 2569 1729 2612 tis
