2159 3147
930 303 1444 381 (XXVIII)

426 435 580 498 dem
603 434 729 498 seio
760 436 1107 495 maximum
1144 433 1292 494 hinc
1323 432 1783 496 detrimentum
1815 454 1952 519 pro-

427 567 677 607 manare
703 547 769 604 in
792 543 1274 627 Rempublicam
1298 585 1314 610 ,
1351 541 1431 604 ob
1456 541 1695 619 justitiae
1718 585 1735 609 ,
1758 564 1952 627 quem

427 670 687 740 generat
725 669 1204 736 contemptum.
1244 652 1362 714 Ast
1403 673 1549 713 cum
1588 651 1951 713 Clementia

430 761 815 828 rationabilis
859 760 943 821 est
965 803 982 827 ,
1023 759 1180 822 nihil
1226 780 1395 822 certe
1439 758 1708 823 nobilius
1728 802 1744 826 ‚
1788 759 1951 821 nihil

428 874 641 936 utilius
669 870 780 932 esse
811 870 1195 951 Reipublicae
1222 868 1419 953 potest
1443 910 1459 933 ,
1491 866 1623 946 ipso
1647 871 1874 952 Spiritu
1899 870 1951 930 S.

426 980 837 1063 fiiffragante.
874 974 1300 1057 Mist’ricordicz
1323 1024 1340 1052 ‚
1375 970 1448 1041 &⁵³
1487 973 1735 1040 Veritas
1769 970 1951 1039 custo-2

429 1089 600 1153 diunt
627 1089 858 1172 Regem
878 1133 897 1164 ,
933 1081 1006 1154 Εὖ)
1029 1086 1345 1152 roboratur
1367 1084 1682 1150 clementia
1702 1085 1950 1149 thronus

428 1198 565 1283 ejus
589 1246 604 1263 .
649 1204 677 1277 (
704 1203 880 1262 Prov.
905 1222 996 1258 zo.
1017 1205 1072 1276 >.

562 1312 648 1368 Et
672 1310 810 1368 sane
836 1323 1006 1367 tanta
1029 1312 1096 1368 in
1121 1308 1514 1383 JOSEPHO
1543 1304 1666 1367 fuit
1684 1343 1704 1371 2
1744 1321 1813 1365 ut
1837 1308 1949 1389 qui

428 1416 620 1502 ipsam
644 1437 776 1478 non
799 1412 1082 1498 suspiciat
1101 1457 1118 1481 ‚
1153 1438 1284 1477 non
1307 1436 1597 1498 magnam
1621 1413 1911 1497 praedicet
1929 1454 1949 1480 ,

428 1546 563 1586 non
586 1524 803 1601 justam
818 1565 834 1590 ,
854 1524 1211 1608 testamque
1236 1524 1532 1585 decernat
1551 1565 1567 1588 ,
1594 1525 1852 1597 injurius
1872 1520 1947 1582 fit

429 1634 713 1698 Veritati
737 1675 755 1700 ,
791 1635 861 1694 &
901 1630 1077 1693 cordi
1102 1634 1404 1717 Principis
1427 1673 1444 1698 ,
1484 1630 1659 1716 quod
1681 1628 1803 1713 ipsa
1827 1634 1949 1692 Co-

425 1745 640 1810 mstas,
670 1745 739 1805 &
764 1745 1146 1804 Humanitas
1173 1740 1635 1803 efformavemt.
1676 1738 1950 1805 Videte,

425 1852 630 1933 quaeso
652 1893 669 1917 ,
710 1850 1060 1912 Auditores
1085 1890 1102 1915 ,
1137 1872 1215 1911 an
1237 1846 1459 1911 fucum
1485 1847 1667 1910 vobis
1691 1843 1910 1906 faciam
1933 1887 1952 1914 ,

425 1956 530 2017 vel
548 1961 757 2040 potius
781 1975 913 2014 rem
937 1954 1203 2013 referam
1229 1954 1718 2015 luculentiffimo
1744 1975 1949 2015 exem-

422 2064 530 2152 plo
569 2063 1047 2150 comprobatam
1086 2109 1096 2120 .
1135 2060 1430 2123 Recolite
1473 2067 1774 2124 memoria
1817 2085 1951 2148 quae

421 2174 555 2257 post
577 2176 723 2250 Ejus
747 2169 1101 2234 lustuosum
1124 2172 1455 2233 interitum
1471 2213 1487 2238 ,
1508 2176 1719 2255 primae
1742 2170 1819 2232 ad
1837 2194 1950 2234 nos

423 2304 614 2345 voces
652 2280 972 2343 afflarunt.
1022 2279 1417 2344 Constitutus
1461 2284 1527 2340 in
1570 2278 1816 2342 summo
1857 2283 1950 2342 vi-

424 2408 497 2450 tae
528 2389 887 2453 discrimine
910 2431 928 2457 ,
972 2411 1125 2473 aegre
1149 2393 1418 2451 omnino
1458 2385 1581 2450 fert
1625 2406 1947 2452 tantorum

415 2489 660 2564 Vincula
676 2543 693 2569 ,
719 2503 789 2566 ὅζ
808 2521 1096 2567 carceres,
1113 2506 1363 2587 jamque
1385 2498 1522 2586 ipfis
1547 2501 1801 2561 veniam
1822 2521 1950 2562 orn-

1793 2630 1950 2670 nmo
