2159 3147
1025 263 1293 343 (VI)

397 412 494 460 ret
539 394 916 458 Posteritatis
954 393 1303 470 judicium,
1344 415 1476 479 quo
1514 393 1591 457 ad
1613 391 1921 462 severam,

398 530 465 569 ac
516 506 666 590 saepe
719 504 1272 568 inclementiorem
1328 505 1635 567 trutinam
1687 506 1922 567 Princi-

399 640 554 703 pum
594 637 778 702 opera
819 634 1233 680 revocantur.

527 728 699 790 Cum
738 747 887 808 ergo
928 728 1427 802 JOSEPHUS
1463 726 1678 787 onmia
1711 722 1789 784 ad
1830 722 1925 784 be-

400 858 479 898 ne
505 836 906 900 maerentium
944 837 1022 898 de
1056 835 1391 898 hominum
1434 856 1661 918 genere
1686 875 1702 901 ,
1741 833 1927 893 firmo

400 945 678 1029 quodam
714 949 909 1007 animi
946 945 1304 1030 propofitm
1342 943 1782 1027 constantique
1816 965 1926 1005 vo-

400 1053 643 1114 luntate
689 1055 1033 1115 contulerit
1081 1093 1097 1120 ‚
1158 1075 1224 1113 ac
1282 1070 1452 1116 tanta
1493 1052 1746 1138 insuper
1787 1073 1930 1134 erga

400 1160 677 1223 subditos
723 1161 1058 1223 clementia
1100 1161 1387 1223 diuturni
1429 1165 1679 1246 imperii
1731 1183 1926 1222 annos

402 1271 677 1355 exegerit
711 1314 723 1337 ,
758 1288 827 1332 ut
868 1269 1006 1331 sane
1029 1293 1251 1332 omnes
1275 1272 1557 1333 cesserint
1582 1273 1835 1354 Regni,
1858 1272 1929 1334 &

402 1381 724 1442 Societatis
772 1380 1157 1448 commodo,
1199 1402 1267 1442 ac
1306 1381 1635 1447 felicitatis
1677 1383 1930 1466 Speran-

401 1489 553 1552 dum
581 1531 597 1556 ‚
641 1494 770 1566 jure
802 1490 1027 1552 censeo
1048 1530 1065 1556 ,
1111 1508 1180 1552 ut
1204 1490 1755 1575 quemadmodum
1783 1493 1930 1554 Rex

400 1597 709 1683 Propheta
746 1641 764 1667 ,
805 1602 1019 1662 onmia
1060 1598 1160 1661 sua
1196 1600 1265 1660 in
1307 1597 1581 1685 supremi
1620 1602 1930 1664 Numinis

396 1707 817 1769 misericordia
860 1708 1155 1770 statuebat
1178 1749 1196 1774 ‚
1236 1731 1382 1770 cum
1420 1709 1648 1792 abipso
1669 1727 1933 1792 patrato-

400 1836 540 1874 rum
571 1815 928 1896 Religionis
956 1837 1218 1898 operum
1244 1857 1260 1881 ,
1284 1819 1352 1878 ὃς
1376 1817 1487 1877 suae
1513 1817 1933 1879 mansuetudi-

402 1924 496 1982 nis
537 1921 967 1982 recordaretur
1005 1963 1021 1986 ,
1064 1922 1281 1983 dicens
1331 1926 1636 1989 [momento
1672 1923 1934 1992 Domine

401 2027 637 2107 David,
663 2025 736 2098 &⁶³
759 2033 947 2093 omnis
965 2029 1442 2112 mansttetudz'nis
1462 2029 1599 2114 ejus
1626 2034 1778 2112 <P111
1791 2040 1929 2116 32·);

397 2141 492 2201 Sic
540 2139 878 2201 vehemens
919 2139 1333 2207 defideriuim
1370 2163 1501 2226 quo
1531 2142 1821 2211 ardebat,
1859 2147 1931 2207 &

397 2267 548 2329 opus
569 2246 946 2310 diuturnum
962 2291 978 2316 ,
997 2250 1174 2335 quod
1190 2249 1466 2335 praestitit
1479 2255 1929 2329 JOSEPHUS,

396 2374 510 2437 pro
552 2356 706 2417 bene
734 2399 748 2423 ,
793 2355 1194 2445 feliciterque
1222 2359 1564 2443 Republica
1587 2363 1930 2445 gubernan-

398 2460 474 2523 da
492 2503 510 2530 ,
544 2465 830 2554 illudque
860 2468 1109 2555 insuper
1132 2470 1371 2534 summa
1394 2468 1632 2557 semper
1655 2472 1930 2539 clemen-

1809 2587 1892 2646 tia
1913 2624 1931 2651 ,
