2159 3147
1039 306 1343 384 (XII)

426 441 493 500 in
537 458 765 521 egenos
802 475 819 503 ,
880 456 946 496 ac
992 434 1242 497 miseros
1283 437 1745 519 benignitatem
1780 477 1798 503 ,
1858 453 1950 498 to-

429 567 557 608 tam
604 546 881 630 denique
938 546 1106 606 illam
1167 548 1418 628 optima:
1477 545 1711 607 indolis
1767 545 1949 608 ratio-

430 678 579 718 nem
603 697 619 723 ,
658 678 791 740 quoe
829 655 1063 739 ubique
1106 653 1593 717 admirationem
1616 696 1633 721 ‚
1671 656 1739 716 &
1771 655 1953 718 bene-

429 766 780 828 volentiam
809 764 1254 827 commovebat
1280 793 1292 830 3
1331 783 1521 849 atque
1546 763 1757 848 Ipsum
1779 786 1951 848 pror-

428 873 521 935 sus
545 873 802 958 quidem
839 871 915 933 ad
955 877 1184 957 optimi
1222 877 1414 957 Regis
1454 895 1740 935 normam
1786 894 1951 934 com-

426 981 697 1065 positum
738 987 868 1058 jure
909 981 1354 1065 praedicabitiS.

562 1094 646 1152 Et
685 1089 1018 1173 tequidem
1064 1111 1208 1152 vera
1244 1088 1407 1154 hisce
1446 1107 1780 1154 exornatus
1823 1097 1945 1157 vir-

430 1198 670 1261 tutibus
734 1221 881 1260 cum
931 1205 1209 1282 primum
1272 1198 1627 1282 amplissimi
1688 1204 1946 1283 Regni,

428 1308 607 1392 quod
641 1330 751 1392 per
789 1324 1060 1391 quatuor
1084 1308 1268 1370 Orbis
1298 1313 1494 1392 partes
1541 1308 1946 1376 extenditur,

427 1414 690 1500 suscepit
729 1415 991 1478 habenas
1017 1458 1034 1482 ,
1075 1416 1151 1477 de
1188 1439 1336 1501 pace
1359 1459 1375 1483 ‚
1416 1440 1606 1501 quam
1633 1420 1810 1478 Pater
1843 1442 1945 1481 cu-

429 1542 670 1588 raverat
692 1566 709 1591 ,
750 1527 819 1587 in
859 1541 990 1587 tota
1014 1528 1282 1588 Ditione
1310 1525 1615 1586 firmanda
1650 1550 1793 1588 cum
1827 1525 1945 1588 suis

427 1633 717 1695 finitimis
761 1636 892 1718 egit
935 1675 952 1700 ,
997 1634 1067 1694 &
1110 1634 1382 1695 mirifico
1429 1635 1790 1718 Religionis
1830 1635 1946 1696 stu-
1979 1620 1997 1631 ⁹

425 1741 535 1805 dio
565 1742 886 1809 incensus,
933 1764 1137 1807 novos
1167 1743 1612 1827 Episcopatus,
1657 1743 1823 1827 quafi
1860 1761 1948 1803 to·

427 1851 629 1910 tidem
669 1852 1038 1913 firmissimas
1080 1873 1242 1912 arces
1266 1892 1283 1917 ‚
1325 1850 1402 1911 ad
1440 1849 1759 1913 catholicae
1795 1851 1946 1912 fidei

427 1957 693 2019 tutelam
717 1999 734 2024 ,
775 1980 841 2018 ac
877 1961 1355 2021 munimentum
1397 1962 1626 2019 erexit.
1664 1958 1825 2021 Inde
1853 1980 1948 2042 pa-

426 2070 620 2128 ternis
666 2065 1172 2151 circumspiciens
1212 2066 1408 2128 oculis
1453 2065 1776 2129 Lufitanas
1817 2090 1945 2129 res:

424 2182 596 2241 Gens
643 2176 881 2261 inclyta
920 2182 942 2253 (
979 2175 1189 2238 dicere
1239 2175 1723 2261 quodammodo
1777 2175 1943 2240 visus

430 2284 513 2344 est
540 2290 603 2362 >2
634 2307 769 2369 quae
812 2289 1075 2369 Europae
1115 2306 1355 2346 nomen
1377 2326 1396 2352 ‚
1435 2286 1505 2347 &
1535 2286 1943 2368 Religionem

429 2408 597 2452 tanta
639 2415 786 2454 cum
831 2395 1025 2478 gloria
1068 2393 1232 2478 apud
1277 2392 1710 2455 remotissimas
1746 2436 1763 2461 ,
1813 2397 1942 2456 bar-

425 2499 715 2588 barasque
741 2508 1055 2572 Nationes
1084 2503 1353 2591 protulit
1377 2543 1395 2572 ‚
1440 2524 1574 2589 qua:
1615 2502 1777 2566 nulli
1813 2525 1945 2590 par-

1796 2635 1941 2677 cens
