2159 3147
977 342 1413 418 (XVIII)

439 474 673 537 buntur
697 513 712 539 ,
749 470 1105 555 compreffit
1127 512 1144 535 ,
1176 470 1507 534 exsulavit3
1541 461 1962 553 thuodma-

443 586 609 643 xime
654 580 1029 643 humanitati
1081 600 1292 640 carum
1330 621 1347 646 ,
1405 576 1957 661 dulciffimumque

444 690 616 752 dictu
658 684 779 755 est,
821 690 1127 773 omnique
1170 686 1611 771 praedicatione
1639 727 1656 753 ,
1698 688 1768 748 &
1807 684 1962 746 sem-

445 801 701 884 piternis
743 795 1182 858 celebrandum
1223 799 1541 880 praeconiis
1564 837 1581 862 ,
1615 793 1807 857 Indos
1832 835 1848 858 ,
1891 795 1962 855 ὃς

449 906 774 989 AEthiopes
814 903 1114 968 servitute
1157 906 1392 964 exemit
1425 945 1441 968 ,
1492 905 1638 964 licet
1680 901 1961 962 fraemens

446 1031 665 1076 contra
699 1011 1039 1074 mussitaret
1072 1014 1325 1073 avaritia
1346 1065 1363 1090 ,
1404 1034 1470 1071 ac
1505 1010 1635 1071 dira
1662 1011 1964 1090 Negotia-

447 1140 657 1184 torum
695 1120 1053 1181 crudelitas,
1099 1122 1211 1179 Per
1247 1117 1405 1181 hanc
1429 1117 1692 1202 quidem
1731 1114 1961 1177 sanetis:

447 1230 660 1290 fimana
706 1230 907 1311 legem
949 1230 1147 1310 prima
1206 1227 1278 1286 ab
1319 1226 1450 1309 ipso
1499 1224 1774 1284 restituta
1816 1221 1961 1283 sunt

452 1345 578 1414 jura
609 1336 888 1399 humanae
921 1338 1185 1419 turpiter
1206 1334 1486 1418 oppreffae
1504 1336 1759 1397 Naturae
1780 1373 1796 1396 ‚
1828 1353 1963 1415 quae

452 1446 700 1508 nonnifi
738 1445 957 1506 liberos
996 1445 1251 1505 cunctos
1277 1445 1543 1504 omnino
1563 1439 1848 1501 homines
1884 1437 1963 1501 fe-

452 1557 538 1614 cit
562 1595 578 1620 ,
622 1554 926 1637 simulque
967 1551 1248 1613 debitum
1292 1551 1618 1632 Religioni
1656 1546 1841 1608 decus
1879 1568 1965 1607 re-

448 1662 733 1725 stitutum
769 1704 788 1728 ,
833 1682 966 1745 quae
1007 1657 1342 1720 fraternam
1388 1657 1748 1718 charitatem
1784 1697 1801 1721 ,
1853 1675 1963 1739 per

450 1793 640 1856 quam
678 1792 899 1832 omnes
948 1767 1202 1851 aequales
1249 1765 1452 1831 fiunt,
1490 1780 1793 1848 perpetuo
1826 1783 1967 1845 prae-

451 1878 636 1959 cipit.
679 1877 796 1937 Ast
832 1895 984 1937 vero
1030 1895 1174 1934 cum
1209 1894 1343 1934 non
1394 1889 1520 1933 tam
1561 1875 1742 1955 periti
1766 1867 1970 1931 Medi-

452 1987 509 2044 ci
547 1981 620 2042 fit
660 1983 1019 2062 ingruentes
1059 1975 1309 2035 morbos
1350 1973 1660 2059 depellere
1695 2014 1712 2040 ,
1775 1997 1964 2058 quam

450 2113 530 2153 ne
581 2086 877 2150 accedant
912 2105 1248 2168 praecavere
1273 2123 1290 2149 ,
1334 2105 1438 2144 eos
1473 2082 1724 2165 insuper
1757 2086 1824 2142 in
1862 2104 1969 2165 po·

449 2198 677 2259 sterum
720 2194 1010 2258 omnibus
1048 2190 1487 2254 Lusitanorum
1520 2192 1782 2251 Civium
1821 2192 1962 2264 juri-

446 2307 554 2366 bus
595 2305 866 2387 gaudere
913 2301 1153 2366 voluit.
1200 2303 1377 2360 Hinc
1404 2300 1616 2360 omnia
1654 2296 1755 2357 illa
1778 2294 1964 2358 abstu-

451 2414 526 2474 lit
562 2413 716 2473 mala
740 2454 757 2478 ,
814 2434 946 2497 quae
994 2416 1121 2486 jure
1161 2405 1380 2468 inferri
1419 2407 1490 2465 ab
1529 2409 1600 2465 iis
1641 2420 1959 2489 poterant,

456 2541 526 2584 ut
565 2521 682 2584 sese
723 2544 756 2582 a
796 2521 944 2582 <liris
984 2521 1298 2603 eriperent
1334 2514 1644 2579 vinculis,
1686 2535 1802 2574 nec
1841 2534 1963 2571 am-

1808 2619 1963 2703 plius
