2159 3147
999 294 1350 374 (XIV)

410 423 488 485 de
520 422 803 484 intendit
842 442 1103 488 nervos,
1147 441 1217 484 ut
1255 422 1427 484 idem
1460 443 1933 508 propagaretur,

410 556 476 594 ac
511 531 673 608 justis
719 531 954 614 legibus
979 531 1537 595 administraretur.
1585 539 1788 620 Qare
1811 541 1937 601 Ne-

410 645 796 726 gotiatorum
823 641 1158 703 Societates
1197 642 1463 705 instituit
1486 684 1502 709 ,
1534 642 1939 705 Parahensem

412 749 688 815 scilicet,
732 751 800 811 &
849 753 1290 813 Mar-moniam
1328 793 1345 817 ‚
1400 751 1895 817 Portucalensem
1921 797 1938 820 ,

411 859 983 925 Pernambucanam
1028 904 1045 928 ,
1103 880 1293 946 atque
1330 862 1653 924 Piscariam
1715 864 1782 922 in
1830 861 1942 926 Al-

414 971 632 1053 garbiis
657 997 669 1035 3
694 971 977 1030 Portoria
1019 973 1350 1032 imminuit
1373 1012 1390 1037 ,
1415 971 1779 1053 Collegium
1808 991 1944 1053 prae-

411 1076 568 1139 fecit
606 1083 1102 1161 Negotiantium
1139 1121 1156 1146 ‚
1199 1082 1303 1141 cui
1346 1079 1660 1164 publicam
1696 1077 1941 1140 addidit

415 1185 689 1249 scholam
735 1210 850 1271 pro
881 1188 1257 1248 instruendis
1303 1194 1371 1248 in
1416 1205 1757 1248 mercatura
1801 1184 1942 1246 ado-

414 1295 785 1357 lescentibus
812 1337 827 1361 ,
855 1314 992 1356 tum
1013 1312 1081 1356 ut
1100 1294 1220 1379 ipsa
1244 1299 1312 1357 in
1330 1295 1569 1358 honore
1596 1296 1740 1357 effet
1758 1299 1940 1358 variis

417 1406 830 1487 ingenuitatis
872 1403 1250 1486 infignibus‚
1287 1404 1794 1488 amplissimisque
1831 1407 1943 1488 pri-

419 1514 666 1595 vilegiis
703 1516 1138 1575 Mercatorum
1197 1513 1489 1576 ordinem
1546 1513 1939 1577 honestavit.

419 1624 700 1707 Optimis
742 1663 759 1688 ‚
820 1621 1318 1707 opportunisque
1375 1622 1609 1706 legibus
1666 1623 1801 1684 latis
1863 1620 1945 1683 de

422 1729 806 1800 eradicandis
844 1732 1159 1815 cistaganis
1199 1735 1430 1794 vinetis
1454 1773 1471 1798 ‚
1514 1748 1703 1815 atque
1736 1730 1815 1791 de
1853 1752 1946 1790 co-

422 1835 624 1899 lendis
669 1839 1065 1922 transtaganis
1124 1839 1475 1902 latifundiis
1514 1881 1532 1906 ,
1590 1841 1746 1899 mire
1795 1841 1947 1921 agri-

426 1947 772 2011 culturam,
809 1968 876 2005 ac
905 1966 1041 2006 rem
1077 1947 1553 2007 frumentariam
1587 1948 1947 2032 promovit,

423 2052 855 2141 plurimosque
897 2053 974 2116 ad
1015 2055 1289 2117 laborem
1328 2097 1345 2123 ,
1391 2058 1460 2118 &
1506 2055 1807 2140 quaestum
1848 2053 1948 2115 ad-

426 2163 611 2226 duxit
635 2162 923 2226 homines
947 2206 964 2232 ,
1005 2187 1162 2251 quos
1199 2182 1377 2226 antea
1400 2163 1685 2228 socordes
1705 2206 1720 2231 ‚
1757 2180 1948 2247 atque

430 2272 774 2335 miserimos
813 2295 966 2357 aegre
999 2274 1447 2359 conspiciebat.
1488 2274 1648 2359 Ipsas
1681 2269 1948 2357 perfecit

431 2397 586 2443 artes
615 2423 630 2448 ‚
667 2382 1031 2446 industriam
1055 2426 1072 2452 ‚
1109 2382 1548 2469 solertiamque
1572 2386 1835 2448 Civium
1860 2381 1949 2444 fo-

432 2491 529 2555 vit
553 2518 566 2557 3
605 2494 907 2557 Officinas
935 2493 1244 2581 fiquidem
1267 2495 1507 2580 aperuit
1539 2492 1948 2578 bombycino·

1775 2623 1946 2670 rum,
