2159 3147
963 328 1376 408 (XXIV)

426 452 790 516 clamoribus
815 459 1028 517 omnia
1053 457 1316 540 implens
1341 498 1357 522 ,
1395 456 1473 518 de
1500 454 1663 519 illata
1695 458 1800 521 fibi
1831 462 1935 525 vel

425 560 539 623 suis
579 563 924 623 calamitate
961 569 1405 649 conqueritur.
1453 566 1559 628 Oh
1580 567 1747 629 diem
1792 592 1936 633 vere

428 673 821 732 teterrimum
839 713 856 737 ,
890 695 957 732 ac
982 675 1163 735 noete
1183 674 1458 758 qualibet
1482 674 1819 737 obscuriori
1844 678 1941 738 de-

426 781 715 839 teriorem
740 819 756 843 ‚
796 781 861 840 in
899 803 1028 864 quo
1067 782 1375 845 elementa
1413 787 1625 844 omnia
1664 786 1938 847 invicem

428 891 768 970 pugnantia
793 892 1106 952 Naturam
1141 889 1330 975 ipsam
1354 891 1554 955 veluti
1575 895 1641 951 in
1663 892 1940 975 primum

428 998 586 1059 Caos
610 994 940 1057 abeuntem
962 997 1340 1082 portendere
1361 998 1762 1061 videbantur.

573 1106 652 1163 In
695 1121 863 1165 tanta
904 1125 1116 1168 autem
1159 1105 1598 1168 Lusitanorum
1650 1111 1941 1168 omnium

430 1210 848 1293 trepidatione
867 1255 884 1279 ‚
911 1233 1097 1296 atque
1124 1214 1401 1273 tumultu
1421 1253 1436 1278 ,
1469 1216 1942 1288 JOSEPHUS

431 1319 597 1377 inter
621 1319 932 1401 Principes
971 1317 1543 1403 providentiffimus
1565 1360 1583 1385 ,
1623 1317 1943 1381 amantissi-

431 1445 569 1485 mus
605 1429 771 1485 inter
795 1426 999 1486 Patres
1024 1467 1040 1491 ,
1083 1431 1306 1492 Nautae
1329 1426 1509 1489 instar
1532 1432 1758 1510 optimi
1784 1469 1801 1494 ,
1834 1432 1946 1512 qui

435 1553 666 1593 navem
703 1532 984 1594 fluctibus
1024 1535 1297 1609 jactatam
1321 1585 1338 1609 ‚
1379 1557 1445 1594 ac
1477 1556 1636 1618 pene
1668 1533 1943 1598 fatiscen-

435 1655 567 1700 tem
603 1642 670 1699 in
706 1643 977 1700 maxima
1005 1646 1185 1703 maris
1222 1641 1490 1726 procella
1530 1642 1944 1726 conspiciens,

440 1769 575 1808 eam
609 1764 819 1808 tamen
848 1747 1120 1811 feliciter
1147 1754 1212 1811 in
1239 1769 1495 1835 portum
1516 1750 1801 1833 perducit
1824 1792 1841 1816 ‚
1878 1754 1948 1814 &

437 1876 630 1914 omne
670 1896 687 1920 ,
729 1856 903 1937 quod
947 1874 1126 1919 tanto
1174 1857 1528 1920 infortunio
1564 1898 1580 1923 ³
1635 1874 1946 1942 tantaeque

439 1960 773 2022 calamitati
816 1963 1171 2023 remedium
1215 1964 1415 2021 afferri
1455 1964 1694 2044 potest,
1732 1965 1947 2027 sedulo

437 2071 744 2151 perquirit
767 2109 783 2134 ,
821 2069 890 2130 &
925 2071 1187 2153 impigre
1228 2068 1479 2130 adhibet
1501 2109 1518 2134 ‚
1557 2085 1626 2130 ut
1649 2070 1849 2133 statim
1882 2077 1950 2135 in

438 2178 757 2257 integrum
780 2216 797 2241 ‚
841 2180 1306 2259 quammaxime
1345 2176 1477 2236 fieri
1499 2181 1707 2260 potuit
1729 2219 1746 2245 ,
1783 2181 1852 2240 &
1876 2183 1951 2240 ci-

439 2284 623 2349 vilia,
667 2286 736 2343 &
777 2284 1030 2366 politica
1054 2326 1071 2350 ,
1115 2286 1183 2346 &
1223 2283 1500 2365 religiosa
1536 2289 1752 2346 omnia
1788 2285 1950 2346 resti-

442 2405 573 2449 tuta
617 2387 890 2451 fuerint.
933 2395 1108 2453 Hinc
1143 2392 1500 2453 Sacerdotes
1541 2393 1615 2453 ad
1653 2398 1819 2455 Sacra
1850 2414 1948 2476 pe-

442 2497 707 2579 ragenda
748 2497 1048 2570 redeunt,
1092 2503 1389 2583 Virgines
1413 2503 1555 2563 Deo
1593 2499 1807 2563 dicatae
1845 2504 1950 2561 ite-

1815 2629 1954 2671 rum
