2159 3147
1041 340 1064 412 (
1114 336 1252 396 XX
1302 341 1324 412 )

433 467 622 530 sunt,
664 487 730 525 ac
771 461 1172 530 durabiliora,
1211 466 1369 548 quin
1401 464 1471 526 &
1508 461 1789 525 utiliora.
1829 469 1947 527 Pro

436 571 851 635 informandis
877 576 1045 634 enim
1070 570 1325 635 subditis
1356 571 1433 633 ad
1461 572 1949 640 humanitatem,

438 683 508 744 δί
552 680 807 744 civilem
837 685 1074 747 vitam,
1115 680 1557 743 humaniorum
1598 678 1949 744 litterarum

437 791 713 875 publicos
740 786 1101 851 Professores
1144 790 1315 873 supra
1351 792 1700 873 octigentos
1739 811 1846 872 per
1871 807 1954 851 to-

439 917 566 961 tam
607 899 1027 967 Lusitaniam,
1073 900 1143 960 &
1189 893 1484 962 Colonias
1529 896 1954 959 transmarinas

438 1009 781 1091 ablegavit.
830 1006 1190 1087 Collegium
1234 1005 1543 1067 nobilium
1576 1003 1958 1067 Adolescen-

440 1134 580 1178 tun1
619 1115 887 1175 instituit
912 1159 925 1173 .
968 1112 1558 1175 Conimbricensem
1593 1112 1955 1176 restauravit

441 1222 857 1285 Academiam
882 1262 899 1286 ,
931 1237 1117 1304 atque
1142 1221 1664 1304 Olyfiponensem
1687 1261 1704 1286 ,
1734 1221 1956 1305 quibus

440 1334 707 1414 optimas
744 1371 761 1396 ,
803 1331 872 1390 &
909 1327 1165 1388 confilio
1201 1327 1568 1411 pleniffimas
1610 1328 1956 1390 studiorum

445 1437 700 1500 tradidit
738 1439 1005 1498 rationes
1028 1476 1045 1502 ‚
1086 1435 1342 1520 illasque
1375 1441 1555 1498 omni
1591 1437 1957 1500 instrumen-

445 1565 655 1609 torum
721 1567 948 1631 genere
990 1586 1007 1611 ,
1067 1568 1133 1605 ac
1196 1545 1605 1607 Pinacotheca
1667 1551 1918 1609 ornavit
1940 1589 1958 1614 ,

441 1673 628 1740 atque
660 1654 1068 1738 locupletavit
1094 1694 1112 1719 ,
1154 1670 1223 1714 ut
1263 1652 1418 1714 facta
1454 1653 1573 1714 fint
1607 1656 1808 1717 veluti
1830 1676 1961 1737 pro-

443 1764 788 1848 pugnacula
823 1758 1160 1822 firmissima
1197 1761 1328 1824 duo
1370 1763 1669 1824 erroribus
1710 1759 1964 1822 inaccefi

444 1870 499 1929 sa
527 1909 543 1934 ,
601 1873 671 1930 ὃζ
723 1869 1138 1930 formidabilia
1177 1909 1193 1935 ,
1245 1870 1350 1931 ubi
1386 1868 1962 1935 observationibus,

446 1978 891 2060 experimentis
937 2013 955 2038 ‚
1019 1971 1274 2032 mathesi
1328 2014 1345 2039 ,
1406 1974 1963 2043 meditationibus,

447 2081 995 2149 exercitationibus
1045 2081 1293 2142 utiliora
1335 2082 1622 2166 quotidie
1661 2082 1961 2165 detegun-

444 2210 548 2253 tur
579 2208 807 2252 naturae
841 2209 1053 2250 arcana
1077 2231 1094 2256 ,
1130 2206 1266 2252 tum
1291 2193 1530 2252 Critice
1551 2231 1569 2256 ,
1613 2213 1745 2273 quae
1779 2213 1809 2249 a
1832 2213 1966 2274 pru-

446 2299 660 2361 dentia
697 2315 1074 2383 temperatur
1111 2339 1127 2363 ,
1163 2297 1443 2379 magistra
1474 2339 1491 2363 ,
1523 2298 1964 2381 superstitionis

445 2408 635 2468 nubes
677 2408 1078 2491 depelluntur
1113 2446 1130 2471 ,
1177 2427 1311 2490 qua:
1354 2406 1729 2468 noeriorum
1773 2409 1960 2467 etiam

445 2515 758 2578 mentibus
793 2517 1125 2598 caliginem
1149 2512 1559 2578 offundebant
1581 2555 1598 2581 ,
1632 2536 1749 2575 nec
1774 2513 1961 2599 quid,

1863 2619 1966 2685 vel
