2159 3147
782 283 1205 385 (XX111)

235 410 509 473 facinora
529 451 547 477 ‚
581 432 713 496 quae
738 411 1037 474 Lufitanae
1060 413 1253 477 Genti
1277 432 1490 495 pacem
1510 454 1527 478 ,
1559 430 1743 502 atque

234 542 577 603 perennem
646 517 1016 583 felicitatem
1083 521 1518 605 comparabant
1567 550 1580 588 3
1644 531 1744 589 En

232 627 616 690 horrendum
656 628 918 713 insurgit
942 634 1197 696 Naturae
1234 628 1741 714 phoenomenon,

233 735 407 819 quod
449 740 658 797 omnia
705 738 908 799 turbat
944 779 960 804 ‚
1013 740 1278 800 invertit
1308 779 1324 804 ‚
1366 738 1739 822 peffiimdat.

232 844 492 904 Coelum
534 846 933 909 obnubilatur
973 888 991 913 ,
1048 845 1309 928 caligine
1368 845 1739 915 obducitur,

230 967 358 1010 tota
380 950 530 1014 inde
554 957 912 1016 concutitur
935 972 1091 1014 terra
1112 996 1128 1020 ‚
1166 956 1232 1015 ὃ(
1257 954 1515 1039 Olyfipo
1537 996 1553 1021 ‚
1577 955 1737 1018 Urbs

228 1056 329 1117 illa
354 1080 575 1142 magna
598 1060 832 1123 divitiis
857 1065 1168 1125 Americae
1190 1104 1207 1128 ‚
1245 1061 1401 1123 Afiae
1426 1106 1442 1130 ‚
1480 1064 1548 1123 δε
1573 1061 1738 1123 Afri-

231 1188 309 1226 cae
333 1170 640 1227 cumulata
662 1209 678 1233 ‚
711 1191 844 1251 quae
870 1169 1105 1251 septem
1128 1169 1302 1250 super
1327 1169 1509 1229 colles
1528 1210 1546 1235 ,
1577 1172 1738 1252 Tagi

230 1268 473 1334 sedebat
496 1278 738 1357 Regina
756 1317 773 1341 ,
793 1293 1235 1338 commovetur
1258 1315 1275 1341 ,
1296 1275 1590 1337 dilabitur
1616 1317 1632 1341 ,
1668 1279 1738 1338 ὃζ

227 1401 388 1465 pene
421 1378 842 1444 deformatur.
878 1385 1053 1445 Hinc
1098 1405 1314 1443 maeror
1336 1424 1352 1449 ,
1390 1382 1695 1446 anhelitus
1719 1424 1737 1450 ,

225 1511 420 1572 pavor
441 1531 458 1555 ,
502 1512 568 1549 ac
594 1507 791 1550 terror
823 1513 1039 1551 omnes
1071 1489 1318 1551 invadit
1340 1531 1356 1555 ,
1393 1488 1543 1550 dum
1573 1492 1734 1572 ignis

226 1601 309 1657 ita
353 1596 721 1658 miserandas
763 1598 1048 1681 reliquias
1091 1599 1438 1679 corrumpit
1472 1638 1489 1662 ‚
1545 1615 1734 1679 atque

227 1705 571 1770 consumit,
616 1722 685 1765 ut
727 1705 1013 1788 superba,
1057 1705 1123 1766 &
1168 1704 1346 1787 plena
1383 1702 1604 1786 Populi
1627 1705 1735 1764 Ci-

223 1814 379 1874 vitas
402 1853 418 1878 ,
460 1829 613 1873 tunc
638 1812 873 1873 summa
897 1816 963 1873 in
988 1813 1334 1872 calamitate
1357 1809 1698 1874 versaretur
1720 1855 1732 1868 .

221 1921 366 1981 Nec
407 1919 672 1997 Templa
711 1919 830 1997 ipsa
855 1955 871 1979 ,
914 1936 944 1972 a
986 1931 1164 1973 tanto
1207 1918 1400 1972 exitio
1424 1917 1731 1974 immunia

220 2025 402 2091 sunt,
442 2041 512 2084 ut
555 2021 943 2086 Sacerdotes,
991 2022 1096 2081 ubi
1136 2020 1420 2083 divinam
1469 2040 1732 2082 exorent

222 2155 410 2216 opem
435 2174 449 2197 ,
493 2133 595 2194 vel
640 2132 792 2191 sacra
833 2146 1127 2212 peragant
1152 2169 1168 2193 ,
1209 2128 1351 2188 loco
1399 2128 1729 2188 deficiant.

224 2244 459 2301 Omnia
499 2240 751 2300 tandem
775 2240 1079 2320 permixta
1109 2259 1252 2297 cum
1278 2235 1467 2295 client
1490 2276 1505 2296 ,
1543 2255 1729 2320 atque

224 2345 515 2413 confusi,
558 2352 748 2411 Cives
791 2347 1023 2428 exleges
1068 2345 1266 2406 fiunt.
1318 2344 1597 2431 Quilibet
1632 2366 1730 2427 pa-

224 2478 373 2517 vens
394 2498 412 2524 ,
452 2479 519 2517 ac
545 2474 815 2518 tremens
838 2455 1072 2538 asylum
1109 2454 1215 2516 sub
1239 2454 1347 2516 dio
1367 2456 1586 2538 quaerit
1609 2494 1626 2518 ,
1658 2454 1729 2513 &

1612 2558 1723 2617 cla-
