2159 3147
1054 250 1077 323 (
1130 247 1252 311 IV
1302 252 1325 324 )

426 376 533 442 sed
571 378 771 439 vitam
794 374 992 462 ipsam
1017 379 1208 437 etiam
1232 377 1450 440 vivere
1472 375 1777 438 videntur
1805 374 1957 437 sem-

425 489 762 572 piternam,
782 486 988 547 donec
1012 489 1321 548 extiturus
1347 484 1430 546 est
1455 486 1708 549 Virtuti
1730 484 1957 551 honor,

431 598 502 658 δί
525 596 716 658 decus
742 646 752 656 .
799 599 1059 658 Docent
1082 594 1146 657 id
1174 594 1441 681 quidem
1468 592 1960 656 luculentissime

430 705 792 790 pervetusta
835 709 1058 769 Romae
1108 722 1526 767 monumenta
1567 745 1584 770 ,
1638 704 1963 787 magnifici

437 837 610 877 arcus
632 857 649 882 ,
689 819 758 878 &
786 816 1057 900 Templa
1088 815 1212 900 ipsa
1251 814 1606 877 veneranda
1629 858 1646 883 ,
1687 836 1753 874 ac
1777 811 1963 897 plena

429 924 716 1010 undique
740 925 1066 1002 majestatis
1084 967 1101 991 ,
1120 946 1397 1008 quorum
1417 923 1658 985 rudera,
1684 926 1967 1004 quicum-

431 1055 558 1118 que
584 1037 853 1116 optimas
878 1050 1036 1093 artes
1069 1031 1260 1116 probe
1294 1030 1506 1098 callet,
1533 1029 1736 1093 adhuc
1775 1033 1967 1090 etiam

432 1141 719 1224 suspicit,
765 1160 957 1224 atquc
999 1143 1293 1200 miratui.

469 1275 479 1284 ’
565 1252 723 1331 Quae
781 1271 923 1310 cum
973 1252 1058 1308 ita
1117 1247 1237 1309 sint
1274 1289 1290 1314 ,
1333 1244 1560 1311 faerales
1594 1291 1611 1317 ‚
1669 1264 1968 1334 tetraeque

435 1362 657 1422 mortis
697 1362 1039 1441 imagines,
1082 1380 1217 1442 quae
1266 1357 1843 1421 circumvolitantes
1880 1361 1972 1419 in-

438 1470 649 1533 dicitis
688 1470 1213 1543 JOSEPHUM
1255 1471 1303 1528 Ι.
1342 1467 1710 1534 Lufitaniae,
1747 1469 1817 1530 &
1860 1466 1975 1530 Al-

438 1578 797 1663 garbiorum
824 1580 1074 1659 Regem
1099 1573 1555 1639 Fidelissimum
1577 1621 1594 1646 ,
1627 1576 1761 1664 post
1795 1575 1977 1661 septi-

443 1709 625 1748 mum
646 1687 709 1747 ὃ(
737 1685 1112 1767 vigesimum
1137 1689 1354 1765 Regni
1382 1710 1617 1748 annum
1644 1729 1660 1753 ,
1692 1691 1861 1747 inter
1882 1685 1981 1745 bo-

449 1817 715 1859 norum,
767 1797 1186 1877 omniumque
1231 1793 1483 1854 suorum
1533 1792 1808 1854 lacrimas
1853 1793 1983 1854 vita

451 1901 783 1967 functum,
820 1901 1078 1984 procul,
1102 1903 1322 1985 procul
1346 1902 1495 1961 hinc
1518 1899 1821 1961 facessite.
1858 1903 1983 1964 Tu-

452 2015 578 2097 que
620 2013 794 2071 Sacer
850 2015 1338 2095 Purpuratorum
1383 2017 1633 2074 Patrum
1685 2016 1982 2079 Senatus,

456 2143 569 2204 qui
609 2118 944 2203 Religione
988 2119 1472 2204 circumseptus,
1510 2143 1577 2180 ac
1619 2119 1983 2196 Majestate‚

458 2228 761 2311 supremas
800 2226 1038 2290 funeris
1074 2233 1361 2314 exequias
1387 2228 1612 2291 Eidem
1650 2228 1985 2314 persolvis3

463 2333 729 2421 Vosque
777 2338 1088 2400 sacrorum
1134 2339 1414 2405 Ministri
1449 2380 1466 2405 ,
1515 2342 1627 2424 qui
1667 2339 1874 2399 moesti
1915 2362 1984 2400 ac

463 2449 645 2507 atrati
686 2450 1056 2532 expiationis
1102 2448 1319 2511 hostias
1343 2490 1359 2517 ,
1406 2451 1865 2534 propitiationis
1908 2448 1989 2509 sa-

1880 2579 1992 2620 cri-
