2159 3147
794 260 1224 339 (XXIX)

243 394 398 452 nino
440 387 823 470 largiendam
863 389 1092 451 indicit
1124 432 1142 457 ,
1196 393 1266 454 &
1308 395 1521 476 Regiae
1562 397 1765 467 Filiae,

244 505 489 578 jamjam
509 500 936 582 Principatum
955 517 1282 583 captaturae
1305 501 1660 578 hujusmodi
1681 509 1767 568 in-

244 607 581 691 dulgentiae
618 629 843 669 munus
866 651 883 675 ,
928 626 1174 691 gratum
1211 613 1482 673 omnino
1517 612 1764 677 deman-

245 718 352 779 dat
375 765 387 777 .
422 720 593 777 Tum
614 715 863 800 insuper
895 738 1116 780 monet
1139 761 1155 784 ,
1203 741 1269 779 ac
1303 739 1478 802 rogat
1509 763 1526 787 ‚
1562 739 1632 784 ut
1669 724 1764 782 fir-

249 846 419 886 mam
440 823 644 887 servet
661 866 677 891 ,
716 824 1120 912 stabilemque
1145 829 1549 891 concordiam
1574 836 1764 895 Sacer-

245 932 496 994 dotium
520 936 686 994 inter
707 975 724 1000 ‚
763 936 833 996 &
856 940 1202 1018 Imperium
1231 979 1248 1003 ,
1281 940 1644 1001 charitatem
1682 961 1765 1001 er-

246 1066 319 1126 ga
369 1042 643 1105 subditos
685 1060 857 1125 gerat
893 1072 905 1110 3
954 1048 1425 1131 Templumque
1467 1050 1766 1119 tandem,

250 1152 427 1236 quod
451 1155 588 1215 Voti
611 1154 886 1212 caussam
903 1156 1181 1235 Deiparae
1203 1156 1508 1219 honorem
1525 1159 1769 1222 inchoa-

246 1276 421 1324 verat
444 1300 461 1325 ,
506 1257 619 1320 suae
654 1258 726 1319 ab
765 1256 885 1343 ipsa
920 1278 1180 1344 acceptae
1208 1265 1660 1328 incolumitatis
1686 1286 1771 1328 te-

249 1368 400 1430 stem
423 1409 441 1434 ,
464 1367 927 1451 perficiendum
951 1372 1221 1432 omnino
1254 1378 1641 1437 committit.

385 1474 497 1537 Ah
533 1475 574 1536 fi
607 1475 1153 1544 clementiffimus,
1191 1481 1261 1541 &
1286 1481 1768 1564 religiofiffimus

253 1590 395 1650 Rex
431 1605 688 1646 omnem
727 1602 966 1646 aetatem
1006 1590 1074 1648 in
1100 1589 1485 1672 Reipublicae
1521 1591 1765 1653 bonum

258 1691 675 1775 consumpfit5
710 1696 768 1756 Si
790 1695 1063 1755 animam
1094 1694 1353 1759 habebat
1374 1740 1390 1764 ,
1431 1716 1501 1761 ut
1520 1699 1769 1761 Tertul-

257 1801 406 1862 liani
427 1800 624 1864 verbis
649 1818 813 1868 utar,
836 1803 1200 1865 naturaliter
1223 1805 1611 1867 christianam
1630 1849 1648 1871 ,
1672 1828 1773 1867 ne-

251 1907 526 1969 cessitate
564 1910 847 1966 coactum
886 1913 1104 1967 cuncta
1136 1947 1154 1971 ,
1197 1930 1336 1991 quae
1378 1912 1769 1974 offendiculo

254 2011 576 2077 nonnullis
600 2010 858 2074 fuerunt
881 2054 898 2079 ,
924 2013 1024 2077 vel
1048 2037 1183 2099 quae
1209 2015 1532 2101 displicere
1555 2035 1766 2105 potue-

253 2138 403 2185 runt
426 2121 739 2205 imperasse
764 2162 781 2187 ,
822 2121 1168 2184 dicendum
1198 2123 1311 2185 est.

394 2232 635 2312 Utique
660 2270 678 2295 ,
716 2230 780 2291 A
803 2271 820 2296 ‚
854 2229 977 2291 haec
1002 2232 1161 2315 ipsa,
1194 2234 1367 2294 enim
1387 2275 1405 2300 ‚
1426 2233 1765 2300 declaravit

254 2340 324 2399 in
348 2354 632 2401 extremo
671 2337 782 2398 illo
814 2343 958 2402 vitae
979 2342 1215 2424 puncsto
1236 2382 1253 2407 ‚
1290 2345 1356 2403 in
1380 2364 1511 2427 quo
1531 2344 1725 2407 homo
1745 2386 1764 2412 2

259 2445 367 2508 etsi
389 2454 529 2513 Rex
552 2489 570 2515 ,
595 2447 684 2510 nil
704 2448 963 2533 amplius
988 2446 1170 2510 habet
1191 2492 1210 2517 ,
1242 2451 1419 2537 quod
1442 2456 1655 2515 animo
1675 2475 1764 2514 re-

1026 2578 1066 2618 D
1108 2581 1131 2624 3
1625 2581 1766 2620 con-
