2159 3147
862 258 1166 336 (XVJ

250 411 391 452 rum
427 428 443 454 ,
504 387 922 449 lanificiorum
958 430 975 455 ,
1030 388 1346 448 lineorum
1381 426 1397 451 ,
1459 385 1769 470 leporino-

249 520 390 558 rum
415 538 432 563 ,
475 500 823 561 vitreorum
861 534 881 562 2
941 495 1348 558 testaceorum
1377 536 1393 561 ‚
1435 492 1767 558 ferramen-

248 622 463 667 torum
497 646 514 672 ,
565 605 933 689 publicaque
973 604 1287 691 gymnasia
1335 626 1448 689 pro
1490 604 1766 688 Sculptu-

247 736 309 774 ra
341 754 358 779 ,
411 712 851 776 Architectura
890 757 907 782 ,
964 717 1033 778 ὃς
1075 714 1322 779 Plastica
1358 755 1375 781 ‚
1425 731 1495 775 ut
1536 713 1769 777 Lufita-

247 826 349 881 nia
385 818 540 881 fasta
582 822 654 882 fit
692 827 920 885 artium
960 824 1361 886 domicilium
1387 865 1404 890 ,
1448 824 1518 884 ὅζ
1559 844 1765 885 rerum

247 932 537 990 omnium
565 935 919 1014 emporium
937 975 954 1000 ‚
983 956 1051 995 ac
1072 951 1281 996 totum
1305 931 1461 993 illud
1484 933 1729 993 lucrum
1748 971 1767 998 2

245 1037 421 1122 quod
447 1057 694 1099 emanat
717 1062 793 1101 ex
817 1045 1202 1104 commercio
1229 1046 1603 1123 Regnorum
1641 1040 1768 1101 suo-

245 1166 383 1205 rum
411 1186 428 1210 ‚
467 1163 602 1207 tum
629 1170 704 1206 ex
728 1171 804 1208 eo
828 1190 845 1214 ,
868 1150 1044 1231 quod
1067 1154 1135 1209 in
1159 1153 1406 1233 Europa
1432 1191 1450 1215 ‚
1493 1152 1561 1210 in
1585 1148 1728 1210 Afia
1746 1188 1764 1214 2

243 1254 311 1313 in
336 1251 554 1314 Africa
581 1295 597 1320 ,
640 1256 711 1316 ἂ
747 1258 814 1315 in
839 1259 1139 1317 America
1161 1259 1476 1340 peragitur
1500 1297 1517 1321 ,
1541 1261 1764 1316 amotis

244 1364 433 1421 etiam
464 1382 826 1424 exterorum
858 1366 1144 1448 operibus
1166 1406 1182 1432 ,
1225 1368 1293 1425 in
1316 1363 1763 1427 Lusitanorum

243 1470 662 1532 commodum
698 1470 939 1555 prorsus
975 1471 1189 1536 cedat.
1568 1479 1572 1481 ‘

378 1583 697 1663 Qoniam
736 1598 946 1640 autem
969 1580 1214 1643 venales
1252 1578 1477 1640 horum
1513 1601 1606 1639 res
1640 1579 1761 1664 ple-

240 1710 444 1772 raeque
487 1686 565 1748 ad
603 1686 1031 1749 transmarinas
1073 1684 1444 1750 deferuntur
1476 1709 1608 1749 oras
1632 1729 1650 1755 ‚
1691 1689 1763 1751 &

241 1818 317 1856 ex
360 1795 478 1856 illis
528 1796 806 1880 plurimae
857 1796 1301 1863 adducuntur3
1354 1799 1585 1880 Ecquis
1628 1817 1761 1856 non

241 1903 424 1967 videt
441 1943 458 1968 ,
490 1921 799 1986 quantum
821 1904 1062 1961 interfit
1083 1941 1100 1966 ,
1123 1920 1192 1960 ut
1215 1907 1534 1982 navigatio
1564 1905 1760 1963 omni-

237 2011 346 2072 bus
394 2026 842 2094 promoveatur
884 2008 1090 2069 modis
1126 2049 1144 2075 ,
1186 2031 1263 2069 ne
1294 2007 1620 2072 hostilibus
1661 2032 1759 2093 ag-

237 2118 642 2203 greffionibus
668 2117 770 2180 vel
794 2118 1101 2183 turbetur,
1124 2118 1226 2180 vel
1251 2121 1570 2179 minuatur
1596 2142 1758 2181 com-

239 2230 548 2290 mercium
586 2235 601 2285 ?
659 2225 964 2310 Appofite
1019 2229 1211 2308 igitur
1271 2229 1757 2302 JOSEPHUS

240 2336 506 2402 Classem
542 2352 892 2418 comparat,
932 2354 1233 2419 quantam
1266 2339 1613 2418 Superiores
1640 2338 1758 2397 Re-

237 2468 340 2529 gCS
403 2467 755 2530 nulanaln
811 2462 1231 2528 COHCCPCsasst
1274 2472 1288 2512 3
1326 2448 1620 2508 onerariis
1678 2442 1756 2504 ad.

1601 2572 1748 2634 qUae-
