2159 3147
762 257 1227 336 (XXVII)

190 390 297 456 di,
335 405 657 473 tamquam
687 388 950 473 pristinae
973 391 1114 454 Sedi
1145 387 1423 452 restituta
1449 439 1458 449 .
1575 417 1713 458 uare

190 499 234 561 fi
263 501 400 584 quis
439 519 721 582 unquam
759 502 1050 585 Princeps
1091 499 1202 560 hac
1228 500 1576 585 praestanter
1608 503 1715 566 do-

193 627 373 672 natus
411 606 496 668 est
534 610 769 671 virtute
793 609 1254 694 Imperantibus
1288 609 1551 694 quidem
1584 635 1715 674 om-

198 722 357 781 nino
402 716 721 778 neceffiria
746 758 763 784 ,
804 721 1299 795 JOSEPHUS
1342 738 1506 781 certe
1546 718 1667 781 fuit
1692 763 1709 787 ,

198 830 470 912 quinon
493 843 742 887 tantum
777 827 940 889 illius
962 829 1231 913 praetulit
1269 828 1540 913 speciem
1560 871 1576 896 ,
1613 829 1720 891 sed

198 956 381 1001 vere,
416 937 486 998 ὃς
508 938 751 1018 integre
773 936 964 1020 ipsam
998 936 1293 1021 professus
1317 940 1399 1000 est
1427 987 1437 998 .
1476 943 1720 1004 Natura

201 1047 374 1105 enim
425 1044 548 1128 ipsa
591 1044 965 1108 suavitatem
1006 1047 1345 1132 quamdam
1392 1048 1723 1111 induxerat

201 1156 297 1212 ori
320 1159 446 1229 ejus
467 1194 484 1218 2
522 1177 655 1237 quae
680 1153 1041 1235 aspicientes
1076 1157 1276 1216 statim
1299 1158 1575 1218 alliceret
1599 1199 1617 1224 ,
1655 1160 1726 1221 &

208 1260 286 1322 ad
326 1260 840 1323 benevolentiam
879 1263 1275 1325 conciliaret.
1320 1266 1498 1349 Quid
1534 1287 1728 1334 vcro,

205 1368 247 1430 fi
271 1370 329 1433 se
356 1369 468 1431 tibi
490 1368 665 1431 daret
686 1411 703 1437 ,
741 1369 785 1430 fi
805 1370 1228 1456 alloqueretur
1245 1415 1262 1441 ,
1284 1374 1328 1434 fi
1349 1396 1536 1458 opem
1563 1375 1731 1436 suam

207 1480 546 1563 reciperet?
590 1480 764 1540 Tum
796 1477 937 1541 lane
979 1485 1047 1541 in
1089 1481 1224 1566 ipso
1267 1482 1451 1545 vultu
1492 1486 1731 1544 intimae

209 1586 414 1649 cordis
451 1586 803 1649 affectiones
842 1589 1211 1673 apparebant
1234 1631 1250 1657 ‚
1291 1609 1361 1653 ut
1386 1591 1427 1651 fi
1450 1591 1607 1652 nihil
1631 1590 1731 1652 da-

209 1712 301 1756 ret
325 1737 341 1761 ,
381 1694 494 1756 nisi
516 1696 737 1763 verba,
775 1713 985 1760 tamen
1011 1699 1197 1761 verba
1235 1699 1358 1784 ipsa
1394 1723 1471 1761 ex
1518 1703 1733 1762 animo

210 1802 488 1890 profesta
522 1807 787 1867 minime
815 1809 983 1869 testo
1004 1850 1021 1875 ‚
1060 1830 1172 1893 pro
1194 1806 1369 1871 faecis
1391 1814 1736 1892 acciperen-

213 1930 344 1974 tur.
386 1912 686 1974 Clemens
724 1931 873 1992 ergo
901 1918 985 1969 ita
1007 1912 1131 1972 fuit
1155 1953 1172 1978 ‚
1213 1928 1283 1972 ut
1320 1918 1449 1989 jure
1481 1918 1732 1977 merito.

212 2043 339 2106 que
386 2019 466 2081 de
508 2017 629 2082 Illo
651 2015 1089 2103 praedicemus,
1124 2019 1301 2105 quod
1323 2020 1400 2082 de
1421 2022 1587 2100 Julio
1608 2025 1733 2085 <3ae-

214 2130 338 2191 sare
359 2128 516 2191 olim
552 2126 912 2195 dicebatur,
950 2132 1037 2190 ita
1078 2150 1308 2214 nempe
1351 2130 1734 2193 clementem

215 2235 389 2300 fuisse
416 2278 433 2304 ,
473 2254 545 2299 ut
580 2240 894 2322 poenitere
918 2235 1236 2300 debuerit.
1274 2238 1459 2302 Absit
1480 2256 1692 2303 tamen
1714 2282 1734 2308 ‚

216 2365 289 2409 ut
331 2350 469 2433 quis
510 2345 777 2431 proinde
818 2345 1183 2409 inordinatae
1225 2352 1471 2433 pietatis
1512 2367 1733 2411 notam

218 2454 602 2521 Fidelissimo
645 2461 814 2542 Regi
853 2456 1228 2520 inurendam
1268 2476 1447 2545 putet
1487 2509 1497 2520 .
1542 2460 1742 2543 Equi-

986 2588 1026 2627 D
1066 2589 1097 2626 2
1590 2566 1738 2627 dem
