2159 3147
753 306 1133 384 (XVII)

189 438 269 498 de
293 456 357 497 re
379 476 396 502 ,
437 457 504 495 ac
528 430 856 520 disciplina
880 436 1136 497 militari
1159 433 1603 500 conscribenda
1625 450 1710 517 ju-

190 546 297 607 bet
321 567 351 603 a
374 543 668 627 Lippenfi
690 547 953 606 Comite
973 586 989 610 ‚
1026 545 1280 604 militari
1301 545 1493 628 gloria
1518 549 1706 612 claris?

193 654 385 718 fimo,
431 674 624 735 eaque
660 653 951 736 probata,
992 655 1059 714 &
1098 638 1328 736 publici
1367 657 1510 729 juris
1551 652 1706 716 ficta

195 764 267 824 ab
289 759 578 823 omnibus
601 760 909 825 observari
947 763 1015 820 in
1052 761 1364 843 posterum
1403 768 1707 848 praecipit3

198 869 489 930 Studium
524 873 611 928 rei
641 872 1062 930 tormentariae
1096 869 1357 929 restituit
1380 910 1397 934 ‚
1444 875 1711 933 aerariam

199 974 518 1038 officinam
539 997 653 1060 pro
674 984 854 1037 omni
875 1000 1187 1038 armorum
1210 1000 1436 1059 genere
1458 980 1712 1063 amplifi-

202 1103 298 1147 cat
323 1127 339 1152 ,
378 1107 539 1145 arces
580 1086 1067 1170 propugnaculis
1104 1090 1353 1152 munit,
1396 1089 1465 1148 δε
1500 1089 1714 1149 militi-

202 1192 312 1253 bus
338 1234 354 1258 ,
391 1193 612 1275 quibus
645 1210 830 1275 auget
862 1193 1237 1274 stipendium
1261 1234 1278 1258 ‚
1321 1197 1677 1278 campestres
1697 1240 1714 1265 ‚

207 1323 274 1361 ac
299 1298 698 1382 quotidianas
722 1301 1192 1363 exercitationes
1216 1300 1556 1363 decernens
1580 1344 1597 1370 ,
1633 1300 1718 1364 ef-

205 1406 459 1469 fraenem
495 1430 712 1470 eorum
748 1408 994 1470 cohibet
1029 1408 1413 1468 libertatem.

329 1517 429 1578 At
468 1517 671 1583 Foro,
713 1519 781 1578 &
806 1520 1060 1579 Naturae
1092 1516 1319 1590 juribus
1362 1520 1547 1577 etiam
1590 1539 1720 1603 pro-

207 1621 388 1708 spicit
409 1627 566 1700 JOS
584 1626 898 1691 EPHUS
923 1671 932 1681 .
979 1629 1186 1708 Qare
1218 1623 1451 1705 legibus
1474 1628 1722 1687 immor-

211 1730 429 1793 talibus
472 1730 646 1797 latis‚
688 1731 729 1792 fi
771 1753 904 1816 quae
955 1728 1116 1793 fraus
1160 1730 1477 1815 irrepserat
1522 1734 1588 1793 in
1630 1733 1723 1793 fo-

215 1862 352 1901 rum
371 1881 388 1905 ,
422 1840 519 1900 vel
553 1839 595 1899 s1
616 1838 772 1924 quid
795 1842 1175 1902 contrarium
1198 1840 1542 1903 inoleverat
1571 1843 1724 1920 opti-

214 1949 330 2005 mis
374 1949 641 2006 Civium
685 1941 956 2004 moribus
1001 1984 1018 2009 ,
1070 1946 1336 2003 correxit
1373 1984 1390 2009 ,
1445 1942 1720 2011 sustulit,

215 2051 615 2117 emendavits
661 2049 1184 2134 Repetundarum
1218 2072 1348 2112 reos
1372 2092 1389 2117 ,
1423 2074 1577 2135 quos
1613 2073 1724 2113 no-

216 2164 351 2224 vit,
392 2162 648 2243 punivit
686 2186 699 2224 3
741 2161 1091 2223 Neminem
1133 2158 1500 2239 Magistratu
1538 2157 1722 2241 fungi

218 2266 404 2351 passus
447 2267 567 2332 est,
611 2265 722 2326 nisi
767 2268 1023 2348 integris
1064 2266 1334 2327 moribus
1375 2308 1390 2331 ‚
1451 2267 1521 2326 &
1560 2266 1722 2328 bona

220 2372 763 2436 commendaretur
800 2372 995 2438 famas
1027 2377 1320 2440 Luxum‚
1364 2396 1493 2459 quo
1532 2376 1723 2436 Cives

221 2483 455 2567 abrepti
491 2524 508 2549 ,
566 2489 966 2570 corruptique
1027 2484 1096 2543 in
1141 2483 1362 2544 malam
1405 2504 1537 2542 rem
1579 2480 1725 2542 dila-

1079 2611 1115 2649 c
1575 2587 1725 2648 bun-
