2159 3147
982 308 1344 398 (XXX)

414 439 647 504 condat
671 488 681 499 .
729 445 933 529 Qre
973 444 1094 515 jam
1120 442 1503 500 morientem
1537 435 1925 513 justissimum

416 554 662 633 Regem
683 590 700 615 ‚
741 571 807 608 ac
834 546 1386 609 clementissimum
1411 588 1427 614 ‚
1452 550 1829 607 intuemini.

552 661 784 721 Mortis
823 659 1265 722 adventantis,
1304 655 1633 717 terrificam
1657 652 1926 737 speciem

414 766 732 852 impavide
755 766 1000 850 respicit
1024 794 1036 832 3
1061 765 1319 829 Auxilia
1338 807 1354 831 ,
1373 766 1440 826 &
1467 764 1822 846 Religionis
1845 761 1929 823 so-

413 876 553 938 latia
575 917 592 941 ‚
635 877 869 958 primus
892 873 1017 957 ipse
1040 876 1302 958 requirit
1327 901 1339 939 3
1369 870 1807 933 Attentiffime
1830 892 1927 931 an-

414 1007 527 1045 nos
556 988 697 1046 vitae
722 983 834 1045 suae
856 983 1159 1048 scrutatur
1181 1023 1198 1046 ,
1223 985 1291 1043 &
1316 984 1630 1042 examinat
1654 1007 1666 1043 ς
1699 982 1769 1040 ὃς
1791 1000 1927 1061 pec-

417 1111 547 1152 cata
565 1133 582 1158 ,
606 1092 649 1152 fi
677 1114 810 1176 quae
833 1090 1013 1151 habet
1035 1092 1339 1173 Principis
1363 1131 1378 1155 ,
1402 1089 1473 1148 ab
1496 1087 1767 1149 hominis
1782 1108 1922 1170 pec-

415 1203 562 1261 catis
588 1242 604 1266 ‚
648 1221 782 1283 quae
808 1203 1061 1261 Naturae
1103 1198 1532 1258 imbecillitate
1563 1213 1884 1278 patrantur
1906 1237 1923 1261 ,

412 1307 629 1368 sedulo
668 1307 987 1368 secernens
1011 1346 1027 1370 ,
1066 1304 1323 1366 indutus
1359 1303 1572 1364 hahitu
1600 1303 1817 1370 Fidei,
1855 1304 1925 1365 &

414 1413 1066 1497 Charitatis,piaculari
1086 1417 1440 1497 expiatione
1461 1412 1647 1476 delet,
1663 1410 1924 1495 suosque

409 1523 561 1584 facit
586 1526 855 1605 gemitus
875 1526 1245 1606 poenitentis
1273 1525 1459 1604 Regis
1489 1571 1498 1578 .
1539 1518 1622 1584 Et
1646 1523 1924 1603 quoniam

411 1630 554 1696 Rex
552 1629 769 1713 sperat
789 1636 851 1694 in
876 1629 1165 1708 Domine,
1190 1627 1263 1698 δέ)
1287 1637 1348 1695 in
1374 1627 1798 1712 Mfiricordia
1818 1625 1923 1691 Al-

411 1736 614 1823 tg'ffi'mi
643 1764 755 1805 non
793 1740 1258 1805 commovebitur
1288 1745 1313 1818 (
1342 1743 1592 1816 1³1220.>;
1628 1739 1921 1800 Tandem

409 1852 613 1908 morbi
638 1856 703 1911 vi
730 1850 1038 1932 oppressus
1062 1890 1079 1915 ,
1115 1868 1176 1911 at
1195 1848 1588 1910 fortitudinis
1612 1889 1628 1913 ‚
1659 1847 1724 1905 δί
1753 1844 1926 1906 Reli-

408 1957 612 2037 gionis
636 1956 854 2036 plenus
870 1992 886 2017 ‚
910 1957 1160 2034 qualem
1183 1955 1367 2013 decet
1390 1956 1786 2013 christianum
1812 1955 1924 2011 mi-

410 2062 592 2122 litem
615 2103 632 2128 ‚
659 2063 727 2123 &
755 2063 1002 2142 Regem
1027 2101 1043 2126 ‚
1087 2066 1257 2136 juxta
1291 2061 1606 2144 exemplar
1636 2061 1925 2143 Augustae

410 2173 634 2231 Gentis
673 2169 823 2234 suae,
862 2171 928 2228 in
961 2166 1292 2228 christianae
1327 2171 1495 2229 Pacis
1532 2168 1663 2230 sinu
1690 2209 1706 2234 ,
1747 2169 1918 2230 diem

409 2278 644 2339 claudit
675 2295 1056 2339 extremum.
1097 2279 1425 2357 Qantum
1468 2279 1661 2358 igitur
1699 2276 1775 2336 ad
1812 2276 1921 2338 hu-

408 2408 621 2452 mana,
663 2408 730 2446 ac
757 2386 974 2448 divina
998 2384 1345 2469 praefidium
1369 2425 1387 2452 ‚
1424 2389 1607 2449 unius
1642 2385 1919 2449 hominis

408 2512 611 2557 morte
635 2493 944 2557 amifimus
975 2493 986 2554 ἔ

1865 2604 1923 2664 Si
