2159 3147
854 254 1160 335 (νη)

254 390 370 454 tia,
405 403 662 447 morum
700 384 1062 467 integritate
1096 423 1113 449 ,
1148 405 1214 444 ac
1252 383 1486 467 pietate
1527 388 1776 449 comita-

252 515 390 558 tum
413 535 430 561 ‚
472 493 683 577 Ipsum
720 491 987 579 quidem
1026 494 1173 556 Deo
1210 514 1423 556 carum
1460 495 1614 556 citra
1664 497 1775 559 du-

250 605 426 667 bium
456 625 648 665 omne
675 602 1055 686 praestiterit.

383 717 526 802 Q
563 708 641 771 de
671 731 770 776 re,
811 708 853 771 fi
876 714 1212 773 interitum
1239 715 1385 788 Ejus
1410 712 1609 774 tristes
1634 756 1649 781 ,
1690 713 1774 777 lu-

251 821 593 910 gentesque
648 839 868 881 omnes
912 862 929 888 ‚
989 839 1059 883 ut
1114 822 1629 884 concelebremus
1671 822 1773 885 hic

251 933 669 996 convenimus
702 968 720 993 ,
763 928 1192 993 consolatione
1236 950 1449 993 tamen
1481 931 1775 994 dolorem

248 1035 620 1103 leniendum
675 1036 934 1099 arbitror
968 1081 985 1106 ,
1037 1039 1081 1101 si
1123 1042 1338 1102 oculos
1381 1040 1778 1125 potiffimum

249 1164 689 1213 convertamus
730 1146 808 1206 ad
831 1155 1104 1208 maxima
1143 1148 1246 1209 illa
1270 1190 1286 1214 ,
1325 1152 1395 1211 &
1423 1172 1779 1235 numquam

245 1253 512 1316 delenda
557 1253 764 1338 gloriae
802 1295 819 1321 ‚
874 1273 1063 1341 atque
1108 1254 1514 1318 humanitatis
1554 1279 1779 1320 monu-

243 1382 460 1427 menta
486 1405 502 1428 ‚
547 1385 683 1449 quae
722 1367 790 1426 in
827 1365 1208 1449 Reipublicae
1262 1366 1607 1427 utilitatem
1645 1367 1781 1428 reli-

242 1477 422 1559 quit3
467 1472 511 1534 fi
552 1472 879 1534 nobiscum
919 1493 1281 1559 reputemus
1306 1515 1322 1541 ‚
1363 1496 1438 1536 ex
1479 1492 1616 1542 tot,
1655 1493 1781 1537 tan-

241 1582 448 1667 tisque
482 1579 862 1646 facinoribus
889 1587 1135 1666 egregie
1161 1627 1177 1652 ‚
1211 1585 1538 1670 sancteque
1562 1585 1742 1668 gestis
1760 1627 1779 1653 ,

241 1698 369 1771 jam
412 1714 444 1752 a
487 1693 633 1752 Deo
675 1694 756 1753 O.
801 1697 898 1755 M.
942 1692 1523 1755 Misericordiarum
1557 1697 1778 1757 Paren-

240 1816 302 1861 te
325 1841 342 1867 ‚
387 1798 563 1885 quod
603 1799 712 1885 ipsi
747 1800 1089 1863 debebatur
1123 1806 1447 1888 praemium
1484 1803 1780 1870 retuliffe3

240 1911 466 1968 Leniri
491 1907 755 1990 quidem
782 1912 975 1966 etiam
997 1908 1086 1966 fas
1109 1911 1193 1967 est
1215 1932 1289 1968 ex
1321 1931 1396 1969 eo
1416 1949 1434 1973 ‚
1478 1909 1655 1990 quod
1678 1910 1779 1972 ad-

239 2014 363 2079 huc
391 2013 525 2097 Ipse
551 2015 724 2075 vivat
749 2015 816 2074 in
840 2014 1104 2076 suaFilia
1129 2017 1460 2078 MARIA
1495 2018 1780 2084 FRAN-

243 2125 515 2188 CISCA
549 2118 930 2206 pientiffima
970 2124 1248 2184 Muliere
1288 2165 1306 2189 ,
1352 2145 1542 2208 quam
1595 2130 1778 2187 omni

242 2235 558 2298 virtutum
608 2251 836 2313 genere
868 2271 886 2296 ,
933 2231 1004 2292 ὃς
1039 2233 1283 2291 eximiis
1321 2250 1777 2316 praeceptorum

243 2340 547 2425 exemplis
596 2380 614 2405 2
668 2338 871 2422 qualia
920 2337 1152 2399 decent
1191 2338 1474 2400 Lufitani
1514 2343 1779 2425 Imperii

243 2449 583 2513 Haeredem
609 2489 628 2515 ,
666 2445 1118 2510 instituendam
1157 2471 1349 2533 quam
1393 2448 1779 2532 diligentissi-

1674 2576 1777 2618 me
