2159 3147
824 288 1158 368 (XIX)

226 417 385 503 plius
421 415 523 476 illa
572 415 906 479 existerent
953 420 1140 479 exitia
1182 457 1199 483 ,
1257 439 1392 502 quae
1435 421 1504 482 &
1546 444 1575 481 a
1619 424 1739 487 laeffi

228 530 473 591 Natura
514 567 531 592 ‚
575 527 647 587 &
687 548 716 585 a
761 527 910 603 justa
949 527 1377 611 desperatione
1420 533 1741 613 expedffln-

226 652 358 697 tur.
397 638 576 696 Ferra
603 638 940 703 nimirum,
971 659 1038 696 ac
1062 657 1305 699 venena
1329 637 1740 724 compescuit,
1782 676 1787 687 =

228 766 500 828 quorum
545 744 773 806 viribus
813 747 1080 809 victimae
1128 745 1406 829 plurimae
1448 788 1466 812 ‚
1521 768 1740 810 eorum

229 853 525 935 adigente
555 850 764 915 furore
790 897 805 921 ,
850 854 1271 916 mactabantur
1302 882 1314 920 ε
1351 853 1569 943 hisque
1611 879 1742 917 om-

231 962 409 1022 nibus
455 962 746 1044 Religio,
794 964 864 1023 &
905 966 1282 1025 Humanitas
1314 985 1475 1048 pene
1532 966 1740 1026 trium-

228 1068 420 1153 phans
446 1111 462 1136 ,
506 1069 913 1155 exultansque
953 1070 1265 1133 succeffit.

357 1177 463 1242 Oh
497 1182 733 1238 utinam
760 1186 966 1262 Reges
1002 1202 1254 1245 omnes,
1298 1183 1583 1240 Proceres
1606 1221 1624 1245 ,
1663 1196 1746 1240 at-

231 1309 355 1371 que
376 1286 634 1369 Populi,
663 1288 884 1372 quibus
908 1287 1223 1348 summum
1247 1290 1581 1370 imperium
1605 1309 1748 1349 con-

233 1394 549 1456 creditum
584 1394 667 1455 est
688 1436 706 1461 ,
737 1395 849 1457 hac
874 1413 1046 1457 aetate
1069 1394 1433 1480 praesertim,
1457 1418 1590 1479 quae
1617 1393 1750 1456 Phi-

229 1501 545 1587 losophica
589 1501 718 1562 dici
758 1503 1096 1585 gloriatur,
1142 1506 1390 1563 irritum
1427 1500 1747 1569 facerent,

228 1611 299 1671 &
321 1610 685 1693 abrogarent
707 1607 929 1672 falsum
950 1653 967 1677 ,
1004 1613 1074 1673 &
1101 1610 1429 1672 absurdum
1456 1610 1612 1672 illud
1634 1613 1747 1671 im-

228 1720 386 1802 perii
412 1724 499 1793 jus
524 1754 542 1778 ,
565 1740 696 1801 quo
718 1717 1036 1783 servitutis
1059 1726 1277 1801 jugum
1298 1760 1315 1785 ,
1343 1719 1439 1781 vel
1458 1717 1747 1784 sancitur,

229 1827 333 1889 vel
370 1827 810 1890 confirmatur.
854 1833 1112 1918 (Qanto
1134 1832 1328 1902 major
1348 1824 1514 1888 foret
1534 1825 1748 1884 libero-

228 1954 366 1994 rum
386 1935 675 1997 Civium,
694 1929 1319 2013 Christianorumque
1339 1929 1618 1991 fidelium
1642 1952 1748 1991 nu-

229 2062 433 2102 merus
472 2080 488 2105 ‚
541 2045 652 2123 qui
693 2039 975 2099 lubentes
1024 2042 1292 2100 omnino
1345 2037 1745 2104 industriam,

231 2170 479 2233 operam
503 2188 520 2212 ,
558 2149 628 2208 &
653 2147 925 2208 laborem
946 2144 1423 2231 impenderent!

360 2259 504 2319 Nec
547 2273 757 2315 tamen
800 2253 960 2315 illud
999 2276 1190 2317 omne
1228 2295 1244 2320 ,
1288 2252 1463 2337 quod
1502 2253 1745 2328 JOSE-

236 2365 486 2428 PHUS
526 2367 591 2434 in
630 2362 1008 2447 Reipublicae
1049 2362 1289 2426 bonum
1330 2358 1632 2446 perfecit,
1675 2361 1744 2418 in

233 2471 357 2536 hoc
414 2471 739 2552 dumtaxat
789 2471 1113 2534 versatur:
1171 2475 1413 2548 MaJ'ora
1449 2510 1466 2536 ,
1523 2470 1746 2552 utique

1101 2599 1135 2639 C
1169 2601 1201 2637 2
1583 2576 1743 2639 sunt,
