2159 3147
939 294 1403 370 (XXXII)

416 427 489 484 tis
533 427 696 489 Dei,
722 422 1148 484 Misericordia
1192 424 1566 490 accedente,
1605 425 1920 487 Coelitum

411 532 629 596 Choro
680 530 1043 615 adscripsiffe
1102 532 1318 617 Ipsum
1359 554 1492 594 non
1532 531 1922 600 dubitamus,

415 649 619 731 Qare
673 638 910 703 exsulet
959 641 1158 704 lud'tus
1203 684 1221 709 ,
1274 641 1574 703 recedant
1627 644 1925 710 lacrimae,

410 750 602 813 absint
626 750 912 833 querelae.
940 754 1161 812 Praeter
1185 750 1352 835 spem
1379 754 1686 836 optimam
1704 793 1719 819 ,
1739 773 1929 836 quam

411 860 633 922 habere
658 882 770 921 nos
812 882 1057 945 aequum
1089 861 1174 921 est
1213 860 1293 920 de
1335 859 1789 942 religiosissimo
1812 863 1931 920 Re-

416 992 492 1053 ge
512 1012 529 1036 ,
558 967 800 1031 accedit
828 971 1152 1031 MARIA
1180 969 1719 1031 FRANCISCA
1741 1009 1757 1033 ,
1786 970 1932 1043 Ejus

415 1079 568 1140 Filia
612 1076 875 1162 piiffima
907 1120 923 1144 ,
974 1100 1107 1163 qua:
1162 1077 1283 1161 Ipsi
1327 1075 1608 1139 succedit
1651 1079 1932 1160 Regina,

419 1209 552 1271 quae
589 1209 726 1247 non
769 1204 894 1247 tam
931 1195 999 1247 in
1030 1190 1327 1267 Regnum
1354 1229 1369 1251 ‚
1416 1209 1604 1268 quam
1638 1190 1704 1247 in
1738 1203 1935 1268 pater-

419 1318 525 1355 nas
551 1298 815 1357 virtutes
839 1336 856 1360 ‚
890 1294 1091 1354 statim
1115 1291 1439 1355 succedere
1463 1293 1589 1355 Visa
1614 1295 1696 1354 est
1721 1342 1730 1353 .
1776 1298 1936 1356 Orta

424 1401 559 1487 Ipsa
597 1424 672 1461 ex
696 1406 903 1463 Matre
927 1405 1289 1466 CAROLI
1313 1402 1646 1464 Borbonici
1664 1445 1680 1468 ,
1723 1400 1939 1484 Hispa-

427 1513 673 1570 niarum
695 1512 890 1591 Regis
913 1509 1327 1593 glorioiiffimi
1350 1511 1600 1576 Sorore,
1624 1530 1783 1596 quot
1807 1532 1941 1571 non

426 1618 658 1703 praestat
687 1659 704 1683 ‚
750 1616 1087 1680 christianis
1125 1661 1142 1686 ,
1193 1641 1260 1679 ae
1305 1619 1487 1703 plane
1522 1624 1713 1681 etiam
1760 1621 1942 1701 regiis

429 1726 767 1791 virtutibus
809 1769 825 1793 ,
882 1750 1031 1811 quas
1084 1744 1210 1790 tam
1253 1729 1516 1789 mirifice
1558 1726 1944 1790 Borbonides

432 1856 654 1895 omnes
682 1874 698 1897 ,
735 1853 1041 1917 perpetuo
1063 1842 1357 1899 novimus
1387 1857 1681 1898 exornare
1706 1843 1720 1893 ἒ
1757 1837 1947 1917 Spon-

435 1941 492 2002 sa
518 1943 709 2000 etiam
730 1979 749 2002 ,
792 1962 939 2001 cum
961 1943 1035 2001 fit
1073 1946 1500 2024 integerrimi,
1543 1965 1609 2003 ac
1633 1939 1947 2025 religiofiss

438 2049 576 2111 fimi
596 2049 869 2112 PETRI
887 2052 1272 2126 ‚JOSEPHI
1296 2051 1486 2113 nostri
1506 2055 1726 2113 Fratris
1752 2080 1765 2117 3
1791 2055 1950 2141 Qs

440 2181 573 2220 non
616 2161 922 2219 Pietatem
949 2199 966 2224 ‚
1009 2160 1460 2241 Religionem,
1505 2160 1951 2226 Prudentiam‚

441 2284 627 2350 atque
657 2266 962 2341 Justitiam
985 2310 1003 2334 ,
1050 2266 1252 2330 veluti
1284 2291 1404 2330 una
1437 2270 1815 2331 consociatas
1857 2268 1957 2331 de-

444 2378 706 2435 miretur
744 2384 759 2433 ?
814 2377 1145 2461 Postquam
1196 2378 1389 2458 igitur
1429 2401 1544 2462 pro
1587 2381 1788 2439 anima
1830 2380 1956 2453 JO-

450 2486 700 2548 SEPHI
747 2487 1001 2567 Optimi
1044 2488 1234 2568 Regis
1278 2528 1297 2553 ,
1359 2488 1533 2549 sacris
1565 2530 1581 2555 ‚
1621 2509 1736 2571 pro
1778 2507 1954 2547 more

1831 2617 1960 2679 pes-
