2159 3147
882 272 1142 347 (XI)

250 403 388 465 dius
432 397 710 463 habuerit
754 422 784 460 a
824 407 1122 477 JOANNE
1157 399 1244 464 V.
1295 402 1475 461 Patre
1500 441 1517 466 ,
1544 409 1781 485 magni-

253 513 376 574 fico
407 510 587 595 plane
617 512 904 594 Principe
926 551 944 576 ‚
980 532 1048 569 ac
1084 509 1427 592 Religione
1458 513 1739 574 maximo
1762 555 1778 580 ‚

251 640 393 684 tum
432 643 463 680 a
511 624 956 682 MARIANNA
983 661 999 686 ‚
1040 619 1377 684 Austriacae
1417 661 1434 685 ‚
1485 621 1779 684 nobiliffi-

254 753 367 793 mae
405 732 626 794 Gentis
650 771 667 796 ,
703 728 967 814 piissima
1009 733 1218 790 Matre
1260 732 1548 811 Regina,
1589 753 1781 814 quam

252 839 620 923 exemplum
677 838 755 899 ad
801 841 1070 900 maxima
1108 860 1372 923 quaeque
1416 838 1576 899 bona
1612 860 1779 922 pera-

253 947 458 1032 genda
490 970 602 1031 pro
641 951 884 1031 egregia
911 991 928 1015 ,
965 972 1031 1008 ac
1066 948 1307 1009 strenua
1330 947 1778 1011 Lusitanorum

255 1059 542 1122 Natione
567 1088 583 1114 ³
625 1057 911 1142 nihilque
950 1080 1063 1141 pro
1104 1060 1361 1141 optimis
1403 1061 1655 1142 arreptis
1695 1061 1782 1119 in-

254 1164 684 1226 stitutionibus
720 1171 915 1248 magis
959 1166 1174 1231 cordi,
1221 1166 1541 1250 magisque
1582 1170 1650 1228 in
1686 1165 1785 1230 de-

254 1274 413 1336 liciis
452 1273 552 1335 Illi
593 1271 787 1335 fuerit
813 1315 829 1340 ‚
875 1297 1065 1359 quam
1097 1274 1338 1336 bonum
1379 1277 1448 1336 &
1475 1275 1675 1343 velle,
1716 1281 1786 1341 ὃς

255 1381 457 1444 facere
482 1425 498 1449 ‚
545 1387 683 1467 quis
726 1383 1035 1446 dubitabit
1073 1406 1218 1444 eum
1257 1384 1510 1444 beatum
1536 1425 1553 1450 ‚
1597 1408 1665 1447 ac
1703 1384 1789 1449 fe-

257 1490 619 1554 liciffimum
666 1496 908 1574 Regem
947 1491 1305 1554 habendum
1346 1491 1497 1552 esse?

397 1606 726 1664 Revocate
759 1605 972 1662 animo
994 1643 1011 1667 ‚
1048 1599 1091 1661 fi
1125 1600 1315 1664 Vultis
1338 1642 1356 1666 ,
1393 1604 1785 1688 quicumque

257 1713 428 1771 Eum
473 1710 684 1794 paullo
724 1708 1084 1771 familiarius
1128 1710 1511 1793 cognovistis
1543 1752 1560 1776 ,
1616 1735 1785 1773 com-

203 1814 205 1817 ’
255 1819 519 1903 positam
561 1819 738 1879 illam
779 1823 848 1881 in
886 1836 1055 1879 tanta
1098 1818 1411 1901 dignitate
1439 1860 1458 1886 ‚
1509 1818 1786 1881 facilem-

257 1949 381 2011 que
407 1943 694 1987 naturam
717 1966 733 1991 ‚
775 1926 1001 2001 judicia
1032 1928 1098 1984 in
1124 1944 1257 1984 rem
1282 1925 1627 2008 quamlibet
1652 1949 1785 2010 pru-

257 2033 611 2095 dentissima
647 2076 664 2100 ,
705 2034 945 2095 restum
987 2030 1370 2095 decernendi
1412 2034 1782 2102 consilium3

258 2149 575 2228 Reputate
599 2142 914 2204 mentibus
955 2140 1168 2205 vestris
1210 2161 1574 2226 perpetuam
1606 2144 1781 2206 illam

260 2253 598 2315 verborum
623 2295 639 2319 ,
681 2256 950 2336 vitaeque
989 2255 1490 2320 continentiam,
1520 2254 1780 2336 flagrans

258 2360 336 2422 ad
377 2366 591 2424 omnia
629 2365 876 2446 pietatis
940 2383 1121 2446 opera
1172 2361 1446 2424 studium
1495 2402 1512 2427 ,
1556 2360 1781 2424 sollici-

261 2486 388 2532 tam
431 2472 762 2535 christianae
800 2470 1210 2534 institutionis
1238 2494 1444 2534 curam
1470 2514 1486 2539 ‚
1525 2468 1781 2532 effusam

1087 2603 1115 2641 B
1159 2603 1192 2639 2
1712 2597 1780 2637 in
